%% This BibTeX bibliography file was created using BibDesk.
%% http://bibdesk.sourceforge.net/


%% Created for Robert at 2015-08-19 12:43:34 +0200 


%% Saved with string encoding Unicode (UTF-8) 



@inbook{Stadtler:2008aa,
	Author = {Stadtler, Hartmut and Kilger, Christoph and Meyr, Herbert},
	Booktitle = {Supply Chain Management and Advanced Planning},
	Da = {2008/01/01},
	Date-Added = {2015-08-19 10:43:32 +0000},
	Date-Modified = {2015-08-19 10:43:32 +0000},
	Isbn = {978-3-540-74511-2},
	La = {English},
	Pages = {181-198},
	Publisher = {Springer Berlin Heidelberg},
	Se = {10},
	Title = {Demand Fulfilment and ATP},
	Ty = {CHAP},
	Year = {2008},
	Bdsk-Url-1 = {http://dx.doi.org/10.1007/978-3-540-74512-9_10},
	Bdsk-Url-2 = {http://dx.doi.org/10.1007/978-3-540-74512-9%7B%5C_%7D10}}

@inbook{Werner:2013aa,
	Author = {Werner, Hartmut},
	Booktitle = {Supply Chain Management},
	Da = {2013/01/01},
	Date-Added = {2015-08-18 14:54:36 +0000},
	Date-Modified = {2015-08-18 14:54:36 +0000},
	Isbn = {978-3-8349-3259-4},
	La = {German},
	Pages = {1-90},
	Publisher = {Springer Fachmedien Wiesbaden},
	Se = {1},
	Title = {Grundlagen},
	Ty = {CHAP},
	Year = {2013},
	Bdsk-Url-1 = {http://dx.doi.org/10.1007/978-3-8349-3769-8_1},
	Bdsk-Url-2 = {http://dx.doi.org/10.1007/978-3-8349-3769-8%7B%5C_%7D1}}

@article{christopher1998logistics,
	Author = {Christopher, Martin},
	Date-Added = {2015-08-18 14:30:05 +0000},
	Date-Modified = {2015-08-18 14:30:05 +0000},
	Publisher = {Prentice-Hall},
	Title = {Logistics and supply chain management: Strategies for reducing cost and improving service},
	Year = {1998}}

@inbook{Stadtler:2005aa,
	Author = {Stadtler, Hartmut and Kilger, Christoph},
	Booktitle = {Supply Chain Management and Advanced Planning},
	Da = {2005/01/01},
	Date-Added = {2015-08-18 14:28:46 +0000},
	Date-Modified = {2015-08-18 14:28:46 +0000},
	Isbn = {978-3-540-22065-7},
	La = {English},
	Pages = {9-35},
	Publisher = {Springer Berlin Heidelberg},
	Se = {2},
	Title = {Supply Chain Management ---An Overview},
	Ty = {CHAP},
	Year = {2005},
	Bdsk-Url-1 = {http://dx.doi.org/10.1007/3-540-24814-5_2},
	Bdsk-Url-2 = {http://dx.doi.org/10.1007/3-540-24814-5%7B%5C_%7D2}}

@article{oliver1982supply,
	Author = {Oliver, R Keith and Webber, Michael D},
	Date-Added = {2015-08-18 14:25:15 +0000},
	Date-Modified = {2015-08-18 14:25:15 +0000},
	Journal = {Outlook},
	Number = {1},
	Pages = {42--47},
	Publisher = {M Christopher, Chapman Hall, London},
	Title = {Supply-chain management: logistics catches up with strategy},
	Volume = {5},
	Year = {1982}}

@inbook{Weber:1999aa,
	Author = {Weber, HelmutKurt},
	Booktitle = {Industriebetriebslehre},
	Da = {1999/01/01},
	Date-Added = {2015-08-18 14:15:33 +0000},
	Date-Modified = {2015-08-18 14:15:33 +0000},
	Isbn = {978-3-540-65507-7},
	La = {German},
	Pages = {116-305},
	Publisher = {Springer Berlin Heidelberg},
	Se = {6},
	Title = {Springer-Lehrbuch},
	Title1 = {Produktionswirtschaft des Industriebetriebs},
	Ty = {CHAP},
	Year = {1999},
	Bdsk-Url-1 = {http://dx.doi.org/10.1007/978-3-642-58421-3_6},
	Bdsk-Url-2 = {http://dx.doi.org/10.1007/978-3-642-58421-3%7B%5C_%7D6}}

@inbook{Schubert:2005aa,
	Author = {Schubert, Klaus and Fricke, Dieter},
	Booktitle = {Handw{\"o}rterbuch des {\"o}konomischen Systems der Bundesrepublik Deutschland},
	Da = {2005/01/01},
	Date-Added = {2015-08-18 14:09:11 +0000},
	Date-Modified = {2015-08-18 14:09:11 +0000},
	Isbn = {978-3-322-89970-5},
	La = {German},
	Pages = {324-327},
	Publisher = {VS Verlag f{\"u}r Sozialwissenschaften},
	Se = {86},
	Title = {Produktionsfaktoren},
	Ty = {CHAP},
	Year = {2005},
	Bdsk-Url-1 = {http://dx.doi.org/10.1007/978-3-322-80897-4_86},
	Bdsk-Url-2 = {http://dx.doi.org/10.1007/978-3-322-80897-4%7B%5C_%7D86}}

@article{kolisch2009stand,
	Author = {Kolisch, Rainer and Zatta, Danilo},
	Date-Added = {2015-08-13 13:46:21 +0000},
	Date-Modified = {2015-08-13 13:46:25 +0000},
	Journal = {Zeitschrift f{\"u}r Planung \&amp; Unternehmenssteuerung},
	Number = {2},
	Pages = {197--214},
	Publisher = {Springer},
	Rating = {5},
	Title = {Stand und Perspektiven des Einsatzes von revenue management in der Prozessindustrie},
	Volume = {20},
	Year = {2009}}

@incollection{sucky2009revenue,
	Author = {Sucky, Eric},
	Booktitle = {Logistik Management},
	Date-Added = {2015-08-13 13:15:30 +0000},
	Date-Modified = {2015-08-13 13:15:30 +0000},
	Pages = {77--96},
	Publisher = {Springer},
	Title = {Revenue Management bei Auftragsfertigung--Ein Ansatz zur Kapazit{\"a}tssteuerung},
	Year = {2009}}

@techreport{demiguel2006multistage,
	Author = {DeMiguel, Victor and Mishra, Nishant},
	Date-Added = {2015-08-13 11:06:13 +0000},
	Date-Modified = {2015-08-13 11:06:13 +0000},
	Institution = {Working paper, London Business School, Optimization Online URL: http://www. optimizationonline. org/DB\_HTML/2006/10/1508. html},
	Title = {What multistage stochastic programming can do for network revenue management},
	Year = {2006}}

@article{Volling20121021,
	Abstract = {Capacity control implementations in make-to-order (MTO) revenue management typically are based on bid-prices, which are used to approximate the opportunity cost of accepting a customer request. However, in the face of stochastic demand, this approximation becomes less accurate and the performance of bid-prices may deteriorate. To address this problem, we examine the informational dynamics inherent in \{MTO\} capacity control problems and propose a two-stage capacity control approach based on bid-price updates. Updating is realized with neural networks, which are applied to adjust the selection criteria during the booking period with respect to online demand information. Not only is the resulting contribution margin positively influenced by the update, but also the downside risk of performing worse than a naive first-come-first-served policy. Results from computational experiments show that the proposed approach dominates traditional revenue management methods like randomized linear programming with and without resolving in expected contribution margin as well as in risk. },
	Author = {Thomas Volling and Derya Eren Akyol and Kai Wittek and Thomas S. Spengler},
	Date-Added = {2015-08-13 10:46:08 +0000},
	Date-Modified = {2015-08-13 13:11:42 +0000},
	Issn = {0305-0548},
	Journal = {Computers and Operations Research},
	Keywords = {Neural networks, Revenue Management; Make-to-order; Review},
	Number = {5},
	Pages = {1021 - 1032},
	Title = {A two-stage bid-price control for make-to-order revenue management},
	Volume = {39},
	Year = {2012},
	Bdsk-Url-1 = {http://www.sciencedirect.com/science/article/pii/S0305054811001742},
	Bdsk-Url-2 = {http://dx.doi.org/10.1016/j.cor.2011.06.012}}

@article{cheraghi2010revenue,
	Author = {Cheraghi, S Hossein and Dadashzadeh, Mohammad and Venkitachalam, Prakash},
	Date-Added = {2015-08-13 08:15:26 +0000},
	Date-Modified = {2015-08-13 08:15:47 +0000},
	Journal = {Journal of Business \&amp; Economics Research (JBER)},
	Keywords = {Review; Revenue management; Manufacturing},
	Number = {2},
	Title = {Revenue management in manufacturing: a research landscape},
	Volume = {8},
	Year = {2010}}

@article{quante2009revenue,
	Author = {Quante, Rainer and Meyr, Herbert and Fleischmann, Moritz},
	Date-Added = {2015-08-12 12:32:43 +0000},
	Date-Modified = {2015-08-12 12:32:43 +0000},
	Journal = {OR spectrum},
	Number = {1},
	Pages = {31--62},
	Publisher = {Springer},
	Title = {Revenue management and demand fulfillment: matching applications, models, and software},
	Volume = {31},
	Year = {2009}}

@article{guhlich2015revenue,
	Author = {Guhlich, Hendrik and Fleischmann, Moritz and Stolletz, Raik},
	Date-Added = {2015-08-12 10:35:09 +0000},
	Date-Modified = {2015-08-12 10:35:09 +0000},
	Journal = {OR Spectrum},
	Pages = {1--32},
	Publisher = {Springer},
	Title = {Revenue management approach to due date quoting and scheduling in an assemble-to-order production system},
	Year = {2015}}

@book{rehkopf2007revenue,
	Author = {Rehkopf, Stefan},
	Date-Added = {2015-08-11 12:37:10 +0000},
	Date-Modified = {2015-08-11 12:37:32 +0000},
	Keywords = {Revenue Management: Review},
	Publisher = {Springer-Verlag},
	Title = {Revenue Management-Konzepte zur Auftragsannahme bei kundenindividueller Produktion: Am Beispiel der Eisen und Stahl erzeugenden Industrie},
	Year = {2007}}

@article{kimms2005branchenverg,
	Author = {Kimms, Alf and Klein, Robert},
	Date-Added = {2015-08-11 11:24:51 +0000},
	Date-Modified = {2015-08-11 11:29:05 +0000},
	Journal = {Zeitschrift fur Betriebswirtschaft / Special Issue},
	Keywords = {Revenue Management; Make-to-order; Review},
	Number = {1},
	Pages = {1-30},
	Title = {Revenue Management im Branchenvergleich},
	Year = {2005}}

@article{kuhn2004revenue,
	Author = {Kuhn, Heinrich and Defregger, Florian},
	Date-Added = {2015-08-11 09:46:22 +0000},
	Date-Modified = {2015-08-11 10:13:02 +0000},
	Journal = {Wirtschaftswissenschaftliches Studium},
	Keywords = {Revenue Management; Review},
	Number = {5},
	Pages = {319--324},
	Title = {Revenue Management in der Sachg{\"u}terproduktion},
	Volume = {33},
	Year = {2004}}

@inbook{Specht:2008aa,
	Abstract = {Als Folge der Deregulierung des US-amerikanischen Luftverkehrmarktes entwickelte sich in den sp{\"a}ten 70er Jahren des letzten Jahrhunderts ein Optimierungskonzept namens „Yield-Management``. Sp{\"a}ter wurde es in Theorie und Praxis auch als „Revenue Management`` bekannt. Im deutschsprachigen Raum existieren daf{\"u}r Termini wie Preis-Mengen-Steuerung, Umsatz-oder Ertragsmanagement oder Erl{\"o}smanagement.1 Eine einheitliche Begriffsdefinition gibt es in der internationalen Forschergemeinschaft nicht.},
	Author = {Specht, Dieter and Gru{\ss}, ChristianM. F.},
	Booktitle = {Strategische Bedeutung der Produktion},
	Da = {2008/01/01},
	Date-Added = {2015-08-11 08:35:47 +0000},
	Date-Modified = {2015-08-11 08:36:19 +0000},
	Isbn = {978-3-8350-0932-5},
	Keywords = {Revenue Management; Review},
	La = {German},
	Pages = {61-72},
	Publisher = {Gabler},
	Se = {4},
	Title = {Revenue Management ---eine Strategie f{\"u}r die Produktion in der Automobilindustrie?},
	Ty = {CHAP},
	Year = {2008},
	Bdsk-Url-1 = {http://dx.doi.org/10.1007/978-3-8350-5486-8_4},
	Bdsk-Url-2 = {http://dx.doi.org/10.1007/978-3-8350-5486-8%7B%5C_%7D4}}

@article{DECI:DECI074,
	Abstract = {This article investigates the effectiveness of a tactical demand-capacity management policy to guide operational decisions in order-driven production systems. The policy is implemented via a heuristic that attempts to maximize revenue by selectively accepting or rejecting customer orders for multiple product classes when demand exceeds capacity constantly over the short term. The performance of the heuristic is evaluated in terms of its ability to generate a higher profit compared to a first-come-first-served (FCFS) policy. The policies are compared over a wide range of conditions characterized by variations in both internal (firm) and external (market) factors. The heuristic, when used with a Whole Lot order-processing approach, produces higher profit compared to FCFS when profit margins of products are substantially different from each other and demand exceeds capacity by a large amount. In other cases it is better to use the heuristic in conjunction with the Split Lot order-processing approach.},
	Author = {Barut, Mehmet and Sridharan, V.},
	Date-Added = {2015-08-10 13:23:02 +0000},
	Date-Modified = {2015-08-10 13:23:02 +0000},
	Issn = {1540-5915},
	Journal = {Decision Sciences},
	Keywords = {Decision Making, Demand/Capacity Management, Experimental Design, Heuristic, Performance Evaluation, Revenue Management},
	Number = {2},
	Pages = {287--316},
	Publisher = {Decision Sciences},
	Title = {Revenue Management in Order-Driven Production Systems},
	Volume = {36},
	Year = {2005},
	Bdsk-Url-1 = {http://dx.doi.org/10.1111/j.1540-5414.2005.00074.x}}

@inbook{rehkopf:2005aa,
	Abstract = {Manufacturing companies in a make-to-order environment sell customer specific products. Usually, a company offers more than one product, faces a stochastic demand, and a time-varying product price. The latter cannot entirely be set autonomously by the company due to competitors. The decision the company has to make for an incoming order is whether to accept or reject the order, depending on the remaining capacity, the contribution margin of the order and the orders expected for the future. In our contribution we will discuss if the methods for the airline revenue management are applicable to the described problem. After giving an overview about the requirements a decision support system ought to fulfill to improve the order selection process in a make-to-order environment, we will discuss the differences of such a system to existing revenue management approaches in service industries. Subsequently, we give a mathematical formulation for the described problem and apply it to a simplified practical example.},
	Author = {Rehkopf, Stefan and Spengler, Thomas},
	Booktitle = {Operations Research Proceedings 2004},
	Da = {2005/01/01},
	Date-Added = {2015-08-10 12:13:06 +0000},
	Date-Modified = {2015-08-10 12:31:21 +0000},
	Isbn = {978-3-540-24274-1},
	Keywords = {Revenue management; Make-to-order},
	La = {English},
	Pages = {470-478},
	Publisher = {Springer Berlin Heidelberg},
	Se = {58},
	Title = {Revenue Management in a Make-to-Order Environment},
	Ty = {CHAP},
	Volume = {2004},
	Year = {2005},
	Bdsk-Url-1 = {http://dx.doi.org/10.1007/3-540-27679-3_58},
	Bdsk-Url-2 = {http://dx.doi.org/10.1007/3-540-27679-3%7B%5C_%7D58}}

@article{Kalyan:2002aa,
	Abstract = {The focus of this paper is to demonstrate the close links between the airline and the manufacturing industry in so far as some of their decision support problems are concerned. We show that the yield management (YM) problem for the airline characterized by perishable and limited resources has counterparts in manufacturing and retail although with some variations. In the process of establishing similarities we highlight the importance of the concept of value of assets/resources, known as bid price in the airline terminology, that ties the two together. Several examples of its calculations and uses are provided. We believe that this new paradigm will open up new avenues for profits for manufacturers in the new era of e-commerce where the businesses shall have to be increasingly customer centric including pricing functions.},
	Author = {Kalyan, Vibhu},
	Booktitle = {Information Systems Frontiers},
	Da = {2002/04/01},
	Date-Added = {2015-08-10 10:55:27 +0000},
	Date-Modified = {2015-08-10 10:56:00 +0000},
	Isbn = {1387-3326},
	J2 = {Information Systems Frontiers},
	Keywords = {Revenue management; Review},
	La = {English},
	Number = {1},
	Pages = {101-119},
	Publisher = {Kluwer Academic Publishers},
	Title = {Dynamic Customer Value Management: Asset Values under Demand Uncertainty using Airline Yield Management and Related Techniques},
	Ty = {JOUR},
	Volume = {4},
	Year = {2002},
	Bdsk-Url-1 = {http://dx.doi.org/10.1023/A%3A1015351025609},
	Bdsk-Url-2 = {http://dx.doi.org/10.1023/A:1015351025609}}

@article{deBHarris1995299,
	Abstract = {Revenue management is an order acceptance and refusal process that employs differential pricing strategies and stop sales tactics to reallocate capacity, enhance delivery reliability and speed, and realize revenue from change order responsiveness in order to maximize the revenue from pre-existing capacity. While previously considered primarily as a tool of service operations, revenue management has considerable potential for assemble to order (ATO) manufacturing environments. Increasing demand for customer responsiveness has created service-oriented manufacturing environments suitable for the application of revenue management methods. This paper applies revenue management concepts and techniques to \{ATO\} manufacturing environments and presents models for optimal pricing and capacity decisions. },
	Author = {Frederick {H. deB. Harris} and Jonathan P. Pinder},
	Date-Added = {2015-08-10 09:32:53 +0000},
	Date-Modified = {2015-08-10 10:02:19 +0000},
	Issn = {0272-6963},
	Journal = {Journal of Operations Management},
	Keywords = {Assemble-to-order; Review; Revenue management},
	Number = {4},
	Pages = {299 - 309},
	Title = {A revenue management approach to demand management and order booking in assemble-to-order manufacturing},
	Volume = {13},
	Year = {1995},
	Bdsk-Url-1 = {http://www.sciencedirect.com/science/article/pii/0272696395000291},
	Bdsk-Url-2 = {http://dx.doi.org/10.1016/0272-6963(95)00029-1}}

@article{kimms2005revenue,
	Author = {Kimms, A. and Klein, R.},
	Booktitle = {OR Spectrum},
	Da = {2007/01/01},
	Date-Added = {2015-08-10 08:53:16 +0000},
	Date-Modified = {2015-08-10 08:53:27 +0000},
	Isbn = {0171-6468},
	J2 = {OR Spectrum},
	La = {English},
	Number = {1},
	Pages = {1-3},
	Publisher = {Springer-Verlag},
	Title = {Revenue management},
	Ty = {JOUR},
	Volume = {29},
	Year = {2007},
	Bdsk-Url-1 = {http://dx.doi.org/10.1007/s00291-006-0042-7}}

@article{2015guhlich,
	Abstract = {In this paper, we consider demand management decisions for an assemble-to-order production system in which both the availability of intermediate material and assembly capacity are limited. For each incoming order, the manufacturer must decide whether to accept it and what due date to quote for an accepted order. The actual assembly dates are still subject to change after these decisions, and a production schedule must be maintained to guarantee that the quoted due dates are met. Therefore, the decisions on accepting orders and quoting due dates must be made with incomplete knowledge of the actual resources used to fulfill the orders. To address these factors, we model this situation and develop a novel revenue management approach using bid prices. An extensive numerical study demonstrates the good performance of the proposed approach in comparison with benchmark algorithms and an ex-post optimal solution applied over a wide range of different supply and demand scenarios. Our results suggest that the consideration of assembly capacity constraints is more vital than the consideration of intermediate material constraints in our test cases.},
	Author = {Guhlich, Hendrik and Fleischmann, Moritz and Stolletz, Raik},
	Date-Added = {2015-08-10 08:11:41 +0000},
	Date-Modified = {2015-08-10 08:12:22 +0000},
	Issn = {0171-6468},
	Journal = {OR Spectrum},
	Keywords = {Revenue management; Due date quoting; Assemble-to-order; Assembly capacity; Scarce input materials; Review},
	Language = {English},
	Pages = {1-32},
	Publisher = {Springer Berlin Heidelberg},
	Rating = {5},
	Title = {Revenue management approach to due date quoting and scheduling in an assemble-to-order production system},
	Year = {2015},
	Bdsk-File-1 = {YnBsaXN0MDDUAQIDBAUGJCVYJHZlcnNpb25YJG9iamVjdHNZJGFyY2hpdmVyVCR0b3ASAAGGoKgHCBMUFRYaIVUkbnVsbNMJCgsMDxJXTlMua2V5c1pOUy5vYmplY3RzViRjbGFzc6INDoACgAOiEBGABIAFgAdccmVsYXRpdmVQYXRoWWFsaWFzRGF0YV8QdS4uL0xpYnJhcnkvTW9iaWxlIERvY3VtZW50cy9jb21+YXBwbGV+Q2xvdWREb2NzL0xpdGVyYXR1ciBNYXN0ZXJhcmJlaXQvUmV2aWV3L2FydCUzQTEwLjEwMDclMkZzMDAyOTEtMDE1LTA0MDEtMy0yLnBkZtIXCxgZV05TLmRhdGFPEQJsAAAAAAJsAAIAAApGZXN0cGxhdHRlAAAAAAAAAAAAAAAAAAAAAADRZa9mSCsAAABXCw4fYXJ0JTNBMTAuMTAwNyUyRnMwMDIjNTcwQUVDLnBkZgAAAAAAAAAAAAAAAAAAAAAAAAAAAAAAAAAAAAAAAAAAAFcK7NHuKE8AAAAAAAAAAAABAAYAAAkgAAAAAAAAAAAAAAAAAAAABlJldmlldwAQAAgAANFlk0YAAAARAAgAANHuDC8AAAABABwAVwsOABXs4gAV7N4AFeptABUGGQARFxwAERb+AAIAjEZlc3RwbGF0dGU6VXNlcnM6AFN1cGVydXNlcjoATGlicmFyeToATW9iaWxlIERvY3VtZW50czoAY29tfmFwcGxlfkNsb3VkRG9jczoATGl0ZXJhdHVyIE1hc3RlcmFyYmVpdDoAUmV2aWV3OgBhcnQlM0ExMC4xMDA3JTJGczAwMiM1NzBBRUMucGRmAA4AUAAnAGEAcgB0ACUAMwBBADEAMAAuADEAMAAwADcAJQAyAEYAcwAwADAAMgA5ADEALQAwADEANQAtADAANAAwADEALQAzAC0AMgAuAHAAZABmAA8AFgAKAEYAZQBzAHQAcABsAGEAdAB0AGUAEgCCVXNlcnMvU3VwZXJ1c2VyL0xpYnJhcnkvTW9iaWxlIERvY3VtZW50cy9jb21+YXBwbGV+Q2xvdWREb2NzL0xpdGVyYXR1ciBNYXN0ZXJhcmJlaXQvUmV2aWV3L2FydCUzQTEwLjEwMDclMkZzMDAyOTEtMDE1LTA0MDEtMy0yLnBkZgATAAEvAAAVAAIAEP//AACABtIbHB0eWiRjbGFzc25hbWVYJGNsYXNzZXNdTlNNdXRhYmxlRGF0YaMdHyBWTlNEYXRhWE5TT2JqZWN00hscIiNcTlNEaWN0aW9uYXJ5oiIgXxAPTlNLZXllZEFyY2hpdmVy0SYnVHJvb3SAAQAIABEAGgAjAC0AMgA3AEAARgBNAFUAYABnAGoAbABuAHEAcwB1AHcAhACOAQYBCwETA4MDhQOKA5UDngOsA7ADtwPAA8UD0gPVA+cD6gPvAAAAAAAAAgEAAAAAAAAAKAAAAAAAAAAAAAAAAAAAA/E=}}

@techreport{bellman1954theory,
	Author = {Bellman, Richard},
	Date-Added = {2015-07-12 09:56:18 +0000},
	Date-Modified = {2015-07-12 09:56:36 +0000},
	Institution = {DTIC Document},
	Keywords = {Dynamic Programming},
	Title = {The theory of dynamic programming},
	Year = {1954}}

@article{Bellman:1952aa,
	An = {PMC1063639},
	Author = {Bellman, Richard},
	Date = {1952/08/},
	Date-Added = {2015-07-12 09:45:28 +0000},
	Date-Modified = {2015-07-12 09:45:45 +0000},
	Db = {PMC},
	Isbn = {0027-8424; 1091-6490},
	J1 = {Proc Natl Acad Sci U S A},
	Journal = {Proceedings of the National Academy of Sciences of the United States of America},
	Keywords = {Dynamic Programming},
	Month = {08},
	Number = {8},
	Pages = {716--719},
	Title = {On the Theory of Dynamic Programming},
	Ty = {JOUR},
	U1 = {16589166{$[$}pmid{$]$}},
	Volume = {38},
	Year = {1952},
	Bdsk-Url-1 = {http://www.ncbi.nlm.nih.gov/pmc/articles/PMC1063639/}}

@article{hintsches2010revenue,
	Abstract = {While revenue management (RM) is traditionally considered a tool of service operations, RM shows considerable potential for application in manufacturing operations. The typical challenges in make-to-order manufacturing are fixed manufacturing capacities and a great variety in offered products, going along with pronounced fluctuations in demand and profitability. Since Harris and Pinder in the mid-90s, numerous papers have furthered the understanding of RM theory in this environment. Nevertheless, results to be expected from applying the developed methods to a practical industry setting have yet to be reported. To this end, this paper investigates a possible application of RM at ThyssenKrupp VDM, leading to considerable improvements in several areas.
},
	Annote = {W{\"u}rde passen, aber ist ein typisches Paper der Recherche bzgl. MTO+RM},
	Author = {Hintsches, Andr{\'e} and Spengler, Thomas S and Volling, Thomas and Wittek, Kai and Priegnitz, Gerald},
	Date-Added = {2015-07-12 07:58:05 +0000},
	Date-Modified = {2015-08-10 07:45:37 +0000},
	Journal = {BuR-Business Research},
	Keywords = {Make-to-order; Revenue management},
	Number = {2},
	Pages = {173--190},
	Publisher = {Springer},
	Rating = {3},
	Title = {Revenue management in make-to-order manufacturing: case study of capacity control at ThyssenKrupp VDM},
	Volume = {3},
	Year = {2010},
	Bdsk-File-1 = {YnBsaXN0MDDUAQIDBAUGJCVYJHZlcnNpb25YJG9iamVjdHNZJGFyY2hpdmVyVCR0b3ASAAGGoKgHCBMUFRYaIVUkbnVsbNMJCgsMDxJXTlMua2V5c1pOUy5vYmplY3RzViRjbGFzc6INDoACgAOiEBGABIAFgAdccmVsYXRpdmVQYXRoWWFsaWFzRGF0YV8QHi4uLy5UcmFzaC9wbWNpZC1QTUMxMDYzNjM5LnJpc9IXCxgZV05TLmRhdGFPEQGOAAAAAAGOAAIAAApGZXN0cGxhdHRlAAAAAAAAAAAAAAAAAAAAAADRZa9mSCsAAAAg6JMUcG1jaWQtUE1DMTA2MzYzOS5yaXMAAAAAAAAAAAAAAAAAAAAAAAAAAAAAAAAAAAAAAAAAAAAAAAAAAAAAAAAAAEF9OtHIA8EAAAAAAAAAAAABAAIAAAkgAAAAAAAAAAAAAAAAAAAABi5UcmFzaAAQAAgAANFlk0YAAAARAAgAANHH56EAAAABAAwAIOiTABEXHAARFv4AAgA5RmVzdHBsYXR0ZTpVc2VyczoAU3VwZXJ1c2VyOgAuVHJhc2g6AHBtY2lkLVBNQzEwNjM2MzkucmlzAAAOACoAFABwAG0AYwBpAGQALQBQAE0AQwAxADAANgAzADYAMwA5AC4AcgBpAHMADwAWAAoARgBlAHMAdABwAGwAYQB0AHQAZQASACtVc2Vycy9TdXBlcnVzZXIvLlRyYXNoL3BtY2lkLVBNQzEwNjM2MzkucmlzAAATAAEvAAAVAAIAEP//AACABtIbHB0eWiRjbGFzc25hbWVYJGNsYXNzZXNdTlNNdXRhYmxlRGF0YaMdHyBWTlNEYXRhWE5TT2JqZWN00hscIiNcTlNEaWN0aW9uYXJ5oiIgXxAPTlNLZXllZEFyY2hpdmVy0SYnVHJvb3SAAQAIABEAGgAjAC0AMgA3AEAARgBNAFUAYABnAGoAbABuAHEAcwB1AHcAhACOAK8AtAC8Ak4CUAJVAmACaQJ3AnsCggKLApACnQKgArICtQK6AAAAAAAAAgEAAAAAAAAAKAAAAAAAAAAAAAAAAAAAArw=}}

@incollection{dickersback2004pp,
	Author = {Dickersbach, J{\"o}rgThomas},
	Booktitle = {Supply Chain Management with APO},
	Date-Added = {2015-06-29 11:10:25 +0000},
	Date-Modified = {2015-06-29 11:11:40 +0000},
	Isbn = {978-3-662-10147-6},
	Keywords = {APS},
	Language = {English},
	Pages = {131-234},
	Publisher = {Springer Berlin Heidelberg},
	Title = {Production Planning},
	Year = {2004},
	Bdsk-Url-1 = {http://dx.doi.org/10.1007/978-3-662-10145-2_9}}

@incollection{stadler2008aps,
	Author = {Stadtler, Hartmut},
	Booktitle = {Supply Chain Management and Advanced Planning},
	Date-Added = {2015-06-29 10:57:09 +0000},
	Date-Modified = {2015-06-29 10:57:33 +0000},
	Editor = {Stadtler, Hartmut and Kilger, Christoph},
	Isbn = {978-3-540-74511-2},
	Language = {English},
	Pages = {217-229},
	Publisher = {Springer Berlin Heidelberg},
	Title = {Purchasing and Material Requirements Planning},
	Year = {2008},
	Bdsk-Url-1 = {http://dx.doi.org/10.1007/978-3-540-74512-9_12}}

@incollection{rohde2002scm,
	Author = {Rohde, Jens and Wagner, Michael},
	Booktitle = {Supply Chain Management and Advanced Planning},
	Date-Added = {2015-06-29 10:47:24 +0000},
	Date-Modified = {2015-06-29 10:48:06 +0000},
	Editor = {Stadtler, Hartmut and Kilger, Christoph},
	Isbn = {978-3-662-10144-5},
	Keywords = {APS},
	Language = {English},
	Pages = {143-160},
	Publisher = {Springer Berlin Heidelberg},
	Title = {Master Planning},
	Year = {2002},
	Bdsk-Url-1 = {http://dx.doi.org/10.1007/978-3-662-10142-1_9}}

@incollection{goetschalckx2005strategic,
	Author = {Goetschalckx, Mark and Fleischmann, Bernhard},
	Booktitle = {Supply chain management and advanced planning},
	Date-Added = {2015-06-29 10:22:11 +0000},
	Date-Modified = {2015-06-29 10:22:19 +0000},
	Keywords = {APS},
	Pages = {117--137},
	Publisher = {Springer},
	Title = {Strategic network planning},
	Year = {2005}}

@incollection{meyr2015structure,
	Author = {Meyr, Herbert and Wagner, Michael and Rohde, Jens},
	Booktitle = {Supply chain management and advanced planning},
	Date-Added = {2015-06-28 15:13:27 +0000},
	Date-Modified = {2015-06-29 11:11:26 +0000},
	Keywords = {APS},
	Pages = {99--106},
	Publisher = {Springer},
	Title = {Structure of advanced planning systems},
	Year = {2015}}

@book{thaler2001supply,
	Author = {Thaler, Klaus},
	Date-Added = {2015-06-28 14:53:45 +0000},
	Date-Modified = {2015-06-28 14:53:58 +0000},
	Keywords = {Grundlagen},
	Publisher = {Fortis-Verlag},
	Title = {Supply chain management: Prozessoptimierung in der logistischen Kette},
	Year = {2001}}

@incollection{fleischmeyr2004codp,
	Author = {Fleischmann, Bernhard and Meyr, Herbert},
	Booktitle = {Supply Chain Management and Reverse Logistics},
	Date-Added = {2015-06-28 13:49:35 +0000},
	Date-Modified = {2015-06-29 11:11:35 +0000},
	Editor = {Dyckhoff, Harald and Lackes, Richard and Reese, Joachim},
	Isbn = {978-3-642-07346-5},
	Keywords = {demand fulfillment; available-to-promise; APS},
	Language = {English},
	Pages = {297-321},
	Publisher = {Springer Berlin Heidelberg},
	Title = {Customer Orientation in Advanced Planning Systems},
	Year = {2004},
	Bdsk-File-1 = {YnBsaXN0MDDUAQIDBAUGJCVYJHZlcnNpb25YJG9iamVjdHNZJGFyY2hpdmVyVCR0b3ASAAGGoKgHCBMUFRYaIVUkbnVsbNMJCgsMDxJXTlMua2V5c1pOUy5vYmplY3RzViRjbGFzc6INDoACgAOiEBGABIAFgAdccmVsYXRpdmVQYXRoWWFsaWFzRGF0YV8QNy4uL0Rvd25sb2Fkcy9jaHAlM0ExMC4xMDA3JTJGOTc4LTMtNTQwLTI0ODE1LTZfMTQtMi5wZGbSFwsYGVdOUy5kYXRhTxEB5AAAAAAB5AACAAAKRmVzdHBsYXR0ZQAAAAAAAAAAAAAAAAAAAAAA0WWvZkgrAAAAFPQAH2NocCUzQTEwLjEwMDclMkY5NzgtIzMzMTBGMS5wZGYAAAAAAAAAAAAAAAAAAAAAAAAAAAAAAAAAAAAAAAAAAAAzEPHRtc7WAAAAAAAAAAAAAQACAAAJIAAAAAAAAAAAAAAAAAAAAAlEb3dubG9hZHMAABAACAAA0WWTRgAAABEACAAA0bWytgAAAAEADAAU9AAAERccABEW/gACAEdGZXN0cGxhdHRlOlVzZXJzOgBTdXBlcnVzZXI6AERvd25sb2FkczoAY2hwJTNBMTAuMTAwNyUyRjk3OC0jMzMxMEYxLnBkZgAADgBWACoAYwBoAHAAJQAzAEEAMQAwAC4AMQAwADAANwAlADIARgA5ADcAOAAtADMALQA1ADQAMAAtADIANAA4ADEANQAtADYAXwAxADQALQAyAC4AcABkAGYADwAWAAoARgBlAHMAdABwAGwAYQB0AHQAZQASAERVc2Vycy9TdXBlcnVzZXIvRG93bmxvYWRzL2NocCUzQTEwLjEwMDclMkY5NzgtMy01NDAtMjQ4MTUtNl8xNC0yLnBkZgATAAEvAAAVAAIAEP//AACABtIbHB0eWiRjbGFzc25hbWVYJGNsYXNzZXNdTlNNdXRhYmxlRGF0YaMdHyBWTlNEYXRhWE5TT2JqZWN00hscIiNcTlNEaWN0aW9uYXJ5oiIgXxAPTlNLZXllZEFyY2hpdmVy0SYnVHJvb3SAAQAIABEAGgAjAC0AMgA3AEAARgBNAFUAYABnAGoAbABuAHEAcwB1AHcAhACOAMgAzQDVAr0CvwLEAs8C2ALmAuoC8QL6Av8DDAMPAyEDJAMpAAAAAAAAAgEAAAAAAAAAKAAAAAAAAAAAAAAAAAAAAys=},
	Bdsk-Url-1 = {http://dx.doi.org/10.1007/978-3-540-24815-6_14}}

@incollection{Gutenberg1965dispos,
	Author = {Gutenberg, Erich},
	Booktitle = {Grundlagen der Betriebswirtschaftslehre},
	Date-Added = {2015-06-28 13:30:24 +0000},
	Date-Modified = {2015-06-28 13:30:44 +0000},
	Isbn = {978-3-662-21968-3},
	Keywords = {Grundlagen},
	Language = {German},
	Pages = {130-285},
	Publisher = {Springer Berlin Heidelberg},
	Series = {Abteilung Staatswissenschaft},
	Title = {Die dispositiven Faktoren},
	Year = {1965},
	Bdsk-Url-1 = {http://dx.doi.org/10.1007/978-3-662-21967-6_3}}

@article{hax1956industriebetrieb,
	Author = {Hax, Karl},
	Date-Added = {2015-06-28 13:17:34 +0000},
	Date-Modified = {2015-08-10 07:40:28 +0000},
	Journal = {Handw{\"o}rterbuch der Sozialwissenschaften, Stuttgart ua},
	Keywords = {Grundlagen},
	Title = {Industriebetrieb},
	Year = {1956}}

@incollection{hinsch2010instandhaltung,
	Author = {Hinsch, Martin},
	Booktitle = {Industrielles Luftfahrtmanagement},
	Date-Added = {2015-06-28 12:00:27 +0000},
	Date-Modified = {2015-06-28 12:00:45 +0000},
	Isbn = {978-3-642-12488-4},
	Keywords = {Grundlagen; Instandhaltung},
	Language = {German},
	Pages = {189-221},
	Publisher = {Springer Berlin Heidelberg},
	Title = {Instandhaltung},
	Year = {2010},
	Bdsk-Url-1 = {http://dx.doi.org/10.1007/978-3-642-12489-1_8}}

@incollection{helbing2010instandhaltung,
	Author = {Helbing, KurtW.},
	Booktitle = {Handbuch Fabrikprojektierung},
	Date-Added = {2015-06-28 11:29:14 +0000},
	Date-Modified = {2015-06-28 11:29:42 +0000},
	Isbn = {978-3-642-01617-2},
	Keywords = {Grundlagen; Instandhaltung},
	Language = {German},
	Pages = {983-989},
	Publisher = {Springer Berlin Heidelberg},
	Title = {Instandhaltung},
	Year = {2010},
	Bdsk-Url-1 = {http://dx.doi.org/10.1007/978-3-642-01618-9_35}}

@incollection{schenk2010techSys,
	Author = {Ryll, Frank and Freund, Curt},
	Booktitle = {Instandhaltung technischer Systeme},
	Date-Added = {2015-06-28 11:19:36 +0000},
	Date-Modified = {2015-06-28 11:20:01 +0000},
	Editor = {Schenk, Michael},
	Isbn = {978-3-642-03948-5},
	Keywords = {Grundlagen; Instandhaltung},
	Language = {German},
	Pages = {23-101},
	Publisher = {Springer Berlin Heidelberg},
	Title = {Grundlagen der Instandhaltung},
	Year = {2010},
	Bdsk-Url-1 = {http://dx.doi.org/10.1007/978-3-642-03949-2_2}}

@incollection{komplexe2009Schmidt,
	Author = {Schmidt, Sabine},
	Booktitle = {Die Diffusion komplexer Produkte und Systeme},
	Date-Added = {2015-06-28 10:01:44 +0000},
	Date-Modified = {2015-06-28 10:02:25 +0000},
	Isbn = {978-3-8349-1446-0},
	Keywords = {Grundlagen},
	Language = {German},
	Pages = {77-121},
	Publisher = {Gabler},
	Title = {Komplexe Produkte und Systeme},
	Year = {2009},
	Bdsk-Url-1 = {http://dx.doi.org/10.1007/978-3-8349-8196-7_3}}

@inbook{Strunz:2012aa,
	Author = {Strunz, Matthias},
	Booktitle = {Instandhaltung},
	Da = {2012/01/01},
	Date-Added = {2015-06-27 15:55:52 +0000},
	Date-Modified = {2015-06-27 15:56:09 +0000},
	Isbn = {978-3-642-27389-6},
	Keywords = {Instandhaltung; Grundlagen},
	La = {German},
	Pages = {1-35},
	Publisher = {Springer Berlin Heidelberg},
	Se = {1},
	Title = {Gegenstand, Ziele und Entwicklung betrieblicher Instandhaltung},
	Ty = {CHAP},
	Year = {2012},
	Bdsk-Url-1 = {http://dx.doi.org/10.1007/978-3-642-27390-2_1},
	Bdsk-Url-2 = {http://dx.doi.org/10.1007/978-3-642-27390-2%7B%5C_%7D1}}

@inbook{Schmidt:2012aa,
	Author = {Schmidt, G{\"u}nter},
	Booktitle = {Prozessmanagement},
	Da = {2012/01/01},
	Date-Added = {2015-06-27 15:35:27 +0000},
	Date-Modified = {2015-06-27 15:35:46 +0000},
	Isbn = {978-3-642-33009-4},
	Keywords = {Grundlagen; Produktionsfaktoren; Wertsch{\"o}pfung},
	La = {German},
	Pages = {1-29},
	Publisher = {Springer Berlin Heidelberg},
	Se = {1},
	Title = {Grundlagen betriebswirtschaftlicher Prozesse},
	Ty = {CHAP},
	Year = {2012},
	Bdsk-Url-1 = {http://dx.doi.org/10.1007/978-3-642-33010-0_1},
	Bdsk-Url-2 = {http://dx.doi.org/10.1007/978-3-642-33010-0%7B%5C_%7D1}}

@inbook{Mitter:1994aa,
	Author = {Mitter, Sudhir and Stegmann, Oliver},
	Booktitle = {Produktionswirtschaft},
	Da = {1994/01/01},
	Date-Added = {2015-06-27 15:30:25 +0000},
	Date-Modified = {2015-06-27 15:30:36 +0000},
	Isbn = {978-3-409-92131-2},
	Keywords = {Grundlagen; Produktionsfaktoren},
	La = {German},
	Pages = {27-38},
	Publisher = {Gabler Verlag},
	Se = {3},
	Title = {Gabler-Studientexte: Staatlich gepr{\"u}fter Betriebswirt},
	Title1 = {Produktionsfaktoren},
	Ty = {CHAP},
	Year = {1994},
	Bdsk-Url-1 = {http://dx.doi.org/10.1007/978-3-663-13116-8_3},
	Bdsk-Url-2 = {http://dx.doi.org/10.1007/978-3-663-13116-8%7B%5C_%7D3}}

@inbook{Gutenberg:1959aa,
	Author = {Gutenberg, Erich},
	Booktitle = {Grundlagen der Betriebswirtschaftslehre},
	Da = {1959/01/01},
	Date-Added = {2015-06-27 15:23:37 +0000},
	Date-Modified = {2015-06-27 15:23:55 +0000},
	Isbn = {978-3-662-42191-8},
	Keywords = {Grundlagen; Produktionsfaktoren},
	La = {German},
	Pages = {34-74},
	Publisher = {Springer Berlin Heidelberg},
	Se = {4},
	Title = {Enzyklop{\"a}die der Rechts- und Staatswissenschaft},
	Title1 = {Die Absatzvorbereitung},
	Ty = {CHAP},
	Year = {1959},
	Bdsk-Url-1 = {http://dx.doi.org/10.1007/978-3-662-42460-5_4},
	Bdsk-Url-2 = {http://dx.doi.org/10.1007/978-3-662-42460-5%7B%5C_%7D4}}

@book{quante2009management,
	Author = {Quante, Rainer},
	Date-Added = {2015-06-27 13:48:35 +0000},
	Date-Modified = {2015-06-27 13:49:29 +0000},
	Keywords = {Make-to-order; make-to-stock; Demand Management; Manufacturing},
	Publisher = {Peter Lang},
	Title = {Management of stochastic demand in make-to-stock manufacturing},
	Volume = {37},
	Year = {2009}}

@inbook{Dyckhoff2010,
	Author = {Dyckhoff, Harald and Spengler, Thomas Stefan},
	Booktitle = {Produktionswirtschaft},
	Da = {2010/01/01},
	Date-Added = {2015-06-27 13:45:33 +0000},
	Date-Modified = {2015-06-27 15:43:39 +0000},
	Isbn = {978-3-642-13683-2},
	Keywords = {Grundlagen},
	La = {German},
	Pages = {3-11},
	Publisher = {Springer Berlin Heidelberg},
	Se = {1},
	Title = {Springer-Lehrbuch},
	Title1 = {Produktion in Theorie und Praxis},
	Ty = {CHAP},
	Volume = {0},
	Year = {2010},
	Bdsk-Url-1 = {http://dx.doi.org/10.1007/978-3-642-13684-9_1},
	Bdsk-Url-2 = {http://dx.doi.org/10.1007/978-3-642-13684-9%7B%5C_%7D1}}

@book{tempelmeier1994produktion,
	Author = {Tempelmeier, Horst and G{\"u}nther, Hans-Otto},
	Date-Added = {2015-06-25 12:28:35 +0000},
	Date-Modified = {2015-06-25 12:28:35 +0000},
	Publisher = {Springer},
	Title = {Produktion und Logistik},
	Year = {1994}}

@inbook{Bach:2012aa,
	Annote = {Das prim{\"a}re Ziel unternehmerischer T{\"a}tigkeit ist es, Geld zu verdienen, d.h. Gewinne bzw. eine Rendite in zu definierender H{\"o}he zu erzielen. Dies ist nur dann m{\"o}glich, wenn es Kunden mit einem entsprechenden Bedarf gibt, die bereit sind, f{\"u}r das erstellte Gut oder die erbrachte Leistung (Output) bzw. den daraus wahrgenommenen Nutzen mehr zu bezahlen als die zur Erstellung des Guts oder Erbringung der Leistung eingesetzten Ressourcen (Input bzw. Vorleistungen) gekostet haben.},
	Author = {Bach, Norbert and Brehm, Carsten and Buchholz, Wolfgang and Petry, Thorsten},
	Booktitle = {Wertsch{\"o}pfungsorientierte Organisation},
	Da = {2012/01/01},
	Date-Added = {2015-06-25 11:46:36 +0000},
	Date-Modified = {2015-06-25 11:47:24 +0000},
	Isbn = {978-3-8349-2537-4},
	Keywords = {Grundlagen; MRO; Wertsch{\"o}pfung},
	La = {German},
	Pages = {1-25},
	Publisher = {Gabler Verlag},
	Se = {1},
	Title = {Wertsch{\"o}pfung als zentrales Ziel von Unternehmensf{\"u}hrung},
	Ty = {CHAP},
	Year = {2012},
	Bdsk-Url-1 = {http://dx.doi.org/10.1007/978-3-8349-3691-2_1},
	Bdsk-Url-2 = {http://dx.doi.org/10.1007/978-3-8349-3691-2%7B%5C_%7D1}}

@article{Missbauer:2003aa,
	Abstract = {In customer order driven production, decisions on the acceptance of customer orders usually have to be based on variable costs and contribution margins (abbreviated CM), since in the short term only these quantities can be influenced. If we assume that customer orders arrive according to a stochastic process and that the decisions on order acceptance have to be made on each order separately, a customer order usually should be accepted only if its contribution margin exceeds a positive lower bound. This paper shows by means of a stochastic model that, under certain assumptions, this lower bound on the contribution margin can be determined using full costing, provided that the available capacity (constant over time) and the arrival process are balanced. This insight justifies, to a certain extent, the use of full costs to support decisions on the short-term production volume, which is a behaviour that can be observed in practice rather frequently. We also demonstrate the extension of the modelling approach to state-dependent lower bounds on the contribution margin.},
	Annote = {Stochastisches Modell zur Erlangung einer unteren Grenze f{\"u}r die Profitmarge f{\"u}r stochastisch ankommende Anfragen. Nur Anfragen welche Beitragsmarge {\"u}bertreffen die optimale untere Grenze werden akzeptiert.},
	Author = {Missbauer, Hubert},
	Date = {2003 %@ 0171-6468},
	Date-Added = {2015-05-02 13:55:40 +0000},
	Date-Modified = {2015-05-02 13:57:52 +0000},
	Date1 = {2003-10-01},
	G = {English},
	Journal = {OR Spectrum},
	Keywords = {Cost accounting; Dynamic pricing; order acceptance problem; Stochastic models; Cost allocation},
	Number = {4},
	Pages = {497-519},
	Publisher = {Springer-Verlag},
	Title = {Optimal lower bounds on the contribution margin in the case of stochastic order arrival},
	Type = {10.1007/s00291-003-0135-5},
	Volume = {25},
	Year = {2003},
	Bdsk-Url-1 = {http://dx.doi.org/10.1007/s00291-003-0135-5}}

@phdthesis{caldentey2001analyzing,
	Abstract = {This thesis presents two applications of the prototypical make-to-stock queue model that are mainly motivated by supply chain management and e-commerce issues. In the first part, we consider the decentralized version of the make-to-stock model. Two different agents that we call the supplier and the retailer control production and finish goods inventory level independently. The retailer carries finished goods inventory to service an exogenous demand and specifies a policy for replenishing his/her inventory from the upstream supplier. The supplier, on the other hand, chooses the capacity of his manufacturing facility. Demand is backlogged and both agents share the backorder cost. In addition, a linear inventory holding cost is charged to the retailer, and a linear cost for building production capacity is incurred by the supplier. The inventory level, demand rate and cost parameters are common knowledge to both agents. Under the continuous state approximation that the M/M/1 queue has an exponential rather than geometric steady-state distribution, we characterize the optimal centralized and Nash solutions, and show that a contract with linear transfer payments based on backorder, inventory and capacity levels coordinates the system in the absence of participation constraints.(cont.) We also derive explicit formulas to assess the inefficiency of the Nash equilibrium, compare the agents' decision variables and the customer service level of the centralized versus Nash solutions, and identify conditions under which a coordinating contract is desirable for both agents. In the second part, we return to the centralized version of the make-to-stock model and analyze the situation where the price that the end customers are willing to pay for the good changes dynamically and stochastically over time. We also as- sume that demand is fully backlogged and that holding and backordering costs are linearly incurred by the manufacturer. In this setting, we formulate the stochastic control problem faced by the manager. That is, at each moment of time and based on the current inventory position, the manager decides (i) whether or not to accept an incoming order and (ii) whether or not to idle the machine. We use the expected long-term average criteria to compute profits. Under heavy traffic conditions, we approximate the problem by a dynamic diffusion control problem and derive optimality (Bellman) conditions. Given the mathematical complexity of the Bellman equations, numerical and approximated solutions are presented as well as a set of computational experiments showing the quality of the proposed policies.},
	Annote = {Approximation des Auftragsannahmeproblems mit einer dynamischen Steuerungskontrollmodell.
Kunde {\"u}bermittelt Preis, {\"A}ndert Stochastik {\"u}ber die Zeit; UN entscheidet {\"u}ber Auftragsannahme und den Inventurlevel.},
	Author = {Caldentey, Ren{\'e}},
	Date-Added = {2015-05-02 13:43:12 +0000},
	Date-Modified = {2015-08-10 07:33:56 +0000},
	Keywords = {Make-to-order; order acceptance problem; queue model},
	Rating = {1},
	Read = {1},
	School = {Massachusetts Institute of Technology},
	Title = {Analyzing the Make-to-Stock queue in the supply chain and eBusiness Settings},
	Year = {2001},
	Bdsk-File-1 = {YnBsaXN0MDDUAQIDBAUGJCVYJHZlcnNpb25YJG9iamVjdHNZJGFyY2hpdmVyVCR0b3ASAAGGoKgHCBMUFRYaIVUkbnVsbNMJCgsMDxJXTlMua2V5c1pOUy5vYmplY3RzViRjbGFzc6INDoACgAOiEBGABIAFgAdccmVsYXRpdmVQYXRoWWFsaWFzRGF0YV8QHi4uLy5UcmFzaC9wbWNpZC1QTUMxMDYzNjM5LnJpc9IXCxgZV05TLmRhdGFPEQGOAAAAAAGOAAIAAApGZXN0cGxhdHRlAAAAAAAAAAAAAAAAAAAAAADRZa9mSCsAAAAg6JMUcG1jaWQtUE1DMTA2MzYzOS5yaXMAAAAAAAAAAAAAAAAAAAAAAAAAAAAAAAAAAAAAAAAAAAAAAAAAAAAAAAAAAEF9OtHIA8EAAAAAAAAAAAABAAIAAAkgAAAAAAAAAAAAAAAAAAAABi5UcmFzaAAQAAgAANFlk0YAAAARAAgAANHH56EAAAABAAwAIOiTABEXHAARFv4AAgA5RmVzdHBsYXR0ZTpVc2VyczoAU3VwZXJ1c2VyOgAuVHJhc2g6AHBtY2lkLVBNQzEwNjM2MzkucmlzAAAOACoAFABwAG0AYwBpAGQALQBQAE0AQwAxADAANgAzADYAMwA5AC4AcgBpAHMADwAWAAoARgBlAHMAdABwAGwAYQB0AHQAZQASACtVc2Vycy9TdXBlcnVzZXIvLlRyYXNoL3BtY2lkLVBNQzEwNjM2MzkucmlzAAATAAEvAAAVAAIAEP//AACABtIbHB0eWiRjbGFzc25hbWVYJGNsYXNzZXNdTlNNdXRhYmxlRGF0YaMdHyBWTlNEYXRhWE5TT2JqZWN00hscIiNcTlNEaWN0aW9uYXJ5oiIgXxAPTlNLZXllZEFyY2hpdmVy0SYnVHJvb3SAAQAIABEAGgAjAC0AMgA3AEAARgBNAFUAYABnAGoAbABuAHEAcwB1AHcAhACOAK8AtAC8Ak4CUAJVAmACaQJ3AnsCggKLApACnQKgArICtQK6AAAAAAAAAgEAAAAAAAAAKAAAAAAAAAAAAAAAAAAAArw=}}

@article{doi:10.1080/002075497195173,
	Abstract = { In this paper, we evaluate two approaches to capacity rationing to manage demand in make-to-order manufacturing firms that face seasonal demand in excess of installed capacity. We assume that the firms produce two classes of products, one having a higher profit contribution per unit of capacity than the other. In the first approach, capacity is reserved for the higher profit class in a dynamic fashion using an expected value analysis each time an order is received for the lower profit class. In the second approach, the amount of capacity reserved for the higher profit class is set at the beginning of the planning horizon and never changed. The two approaches are evaluated relative to the case with no capacity rationing (i.e. orders are accepted as they arrive as long as capacity is available) for a wide array of experimental situations by varying the ratio of unit profit contributions for the two product classes, the ratio of total available capacity to total expected demand, the ratio of order arrival rates and order sizes for the two classes, and variability in demand for each class. The results show that both rationing models produce significantly higher levels of profit than the model with no capacity rationing. },
	Annote = {Entscheidungs-theoretischen L{\"o}sungsans{\"a}tze zur Reservierung von Kapazit{\"a}t f{\"u}r ein MTO-Unternehmen f{\"u}r Auftr{\"a}ge mit hoher Profit-Marge
Kein Bezug zum Revenue Management},
	Author = {J. W. Patterson and N. Balakrishnan and V. Sridharan},
	Date-Added = {2015-05-02 13:24:26 +0000},
	Date-Modified = {2015-08-10 07:40:11 +0000},
	Eprint = {http://dx.doi.org/10.1080/002075497195173},
	Journal = {International Journal of Production Research},
	Keywords = {order acceptance problem; Make-to-order},
	Number = {6},
	Pages = {1639-1650},
	Rating = {1},
	Read = {1},
	Title = {An experimental comparison of capacity rationing models},
	Volume = {35},
	Year = {1997},
	Bdsk-Url-1 = {http://dx.doi.org/10.1080/002075497195173}}

@article{Balakrishnan1999328,
	Abstract = {A recent paper discusses a capacity rationing policy that allows make-to-order manufacturing firms encountering expected total demand in excess of available capacity to discriminate between two classes of products, one yielding a higher profit contribution per unit of capacity allocated to it than the other. The result is a selective rejection of orders for the class with lower unit contribution, yielding an increase in total profit when compared to a base case that implements no capacity rationing. Implementation of the policy requires forecasts of demand parameters for both product classes. In this paper we test the sensitivity of the capacity rationing policy to forecast errors in these parameters. The results indicate that, on average, the rationing policy is quite robust in improving profit even when actual demands are approximately twenty percent different from forecast values. },
	Annote = {Entscheidungs-theoretischen L{\"o}sungsans{\"a}tze zur Reservierung von Kapazit{\"a}t f{\"u}r ein MTO-Unternehmen f{\"u}r Auftr{\"a}ge mit hoher Profit-Marge},
	Author = {Nagraj Balakrishnan and J.Wayne Patterson and V Sridharan},
	Date-Added = {2015-05-02 13:22:24 +0000},
	Date-Modified = {2015-05-02 13:22:33 +0000},
	Issn = {0377-2217},
	Journal = {European Journal of Operational Research},
	Keywords = {Scheduling theory},
	Number = {2},
	Pages = {328 - 338},
	Title = {Robustness of capacity rationing policies},
	Volume = {115},
	Year = {1999},
	Bdsk-Url-1 = {http://www.sciencedirect.com/science/article/pii/S0377221798002082},
	Bdsk-Url-2 = {http://dx.doi.org/10.1016/S0377-2217(98)00208-2}}

@article{DECI:DECI185,
	Abstract = {In this paper, we study the capacity allocation problem faced by make-to-order manufacturing firms encountering expected total demand in excess of available capacity. Specifically, we focus on firms' manufacturing short-life-cycle or seasonal products such as high fashion apparel. Using a decision-theory-based approach, we develop a capacity allocation policy that allows such firms to discriminate between two classes of products (one yielding a higher profit contribution per unit of capacity allocated to it than the other), resulting in selective rejection of orders for the class with the lower unit contribution. The effectiveness of capacity rationing is investigated under a wide array of conditions characterized by variations in factors such as the ratio of unit profit contributions of the two product classes, the ratio of total available capacity to expected total demand, the ratio of expected demands between the two classes, and the variability in demand for each product class. The results indicate that capacity rationing is very effective in increasing the total profit, and could therefore serve as a valuable decision tool for managers in such firms.},
	Annote = {Entscheidungs-theoretischen L{\"o}sungsans{\"a}tze zur Reservierung von Kapazit{\"a}t f{\"u}r ein MTO-Unternehmen f{\"u}r Auftr{\"a}ge mit hoher Profit-Marge},
	Author = {Balakrishnan, Nagraj and Sridharan, V. and Patterson, J. Wayne},
	Date-Added = {2015-05-02 13:20:26 +0000},
	Date-Modified = {2015-05-02 13:21:23 +0000},
	Issn = {1540-5915},
	Journal = {Decision Sciences},
	Keywords = {Decision Theory, Demand Management, Statistics},
	Number = {2},
	Pages = {185--214},
	Publisher = {Blackwell Publishing Ltd},
	Title = {Rationing Capacity Between Two Product Classes*},
	Volume = {27},
	Year = {1996},
	Bdsk-Url-1 = {http://dx.doi.org/10.1111/j.1540-5915.1996.tb00850.x}}

@article{keilson1970simple,
	Annote = {nonlineares Optimierungsmodell und L{\"o}sungsverfahren f{\"u}r das Auftragsannahmeproblem},
	Author = {Keilson, Julian},
	Date-Added = {2015-05-02 13:08:25 +0000},
	Date-Modified = {2015-05-02 13:08:50 +0000},
	Journal = {Opsearch},
	Keywords = {order acceptance problem},
	Pages = {157--166},
	Title = {A simple algorithm for contract acceptance},
	Volume = {7},
	Year = {1970}}

@inbook{Defregger:2004aa,
	Abstract = {Revenue Management has proven successful in a number of service in- dustries such as airlines, hotels and cruiseships. This paper examines the possibility of applying revenue management techniques to a manufacturing setting. A make- to-order company is considered which receives orders with different profit margins, processing times and due dates. The corresponding discrete markov decision pro- cess model is presented as well as a heuristic which solves large problem instances within a reasonable runtime.},
	Annote = {Heuristik zu Kniker/Burman (2001)},
	Author = {Defregger, Florian and Kuhn, Heinrich},
	Booktitle = {Operations Research Proceedings 2003},
	Booktitle1 = {Operations Research Proceedings},
	Date = {2004 %@ 978-3-540-21445-8},
	Date-Added = {2015-05-02 12:37:01 +0000},
	Date-Modified = {2015-05-02 13:06:58 +0000},
	Date1 = {2004-01-01},
	Editor = {Ahr, Dino and Fahrion, Roland and Oswald, Marcus and Reinelt, Gerhard},
	G = {English},
	Keywords = {Revenue management; order acceptance problem; Markov decision process},
	Pages = {17-22},
	Publisher = {Springer Berlin Heidelberg},
	Title = {Revenue Management in Manufacturing},
	Type = {10.1007/978-3-642-17022-5_3},
	Volume = {2003},
	Year = {2004},
	Bdsk-Url-1 = {http://dx.doi.org/10.1007/978-3-642-17022-5_3}}

@inproceedings{kniker2001applications,
	Abstract = {Using revenue management, many firms in service industries (airlines, hotels, rental-car firms) have documented huge increases in revenues with relatively small investments in technology. Revenue management can also be applied to manufacturing in a number of areas. In this paper, we consider a production facility with fixed capacity that must decide which incoming orders to accept. Unlike service industry cases, which involve maximizing revenue for discrete events (a flight, a night in a hotel, a specific advertising slot), profit in this scenario is maximized over a time continuum. This opens an untapped area of revenue-management research. To analyze this situation and provide insights, we model the manufacturer's environment as a Markov chain with rewards and policies, which is then solved using dynamic programming. We show that improved rewards (on the order of 10%) can occur by using revenue management.},
	Annote = {zeit-diskreter Markov-Entscheidungsprozess f{\"u}r Auftragsannahme f{\"u}r ein MTO-Unternehmen

Es handelt sich um kein Paper, sonder um eine Schrift eines Unternehmesberaters.},
	Author = {Kniker, Timothy S and Burman, Mitchell H},
	Booktitle = {Third Aegean International Conference on Design and Analysis of Manufacturing Systems},
	Date-Added = {2015-05-02 12:25:59 +0000},
	Date-Modified = {2015-08-10 07:55:27 +0000},
	Keywords = {Make-to-order; Markov decision process; order acceptance problem},
	Pages = {299--308},
	Rating = {2},
	Title = {Applications of revenue management to manufacturing},
	Year = {2001},
	Bdsk-File-1 = {YnBsaXN0MDDUAQIDBAUGJCVYJHZlcnNpb25YJG9iamVjdHNZJGFyY2hpdmVyVCR0b3ASAAGGoKgHCBMUFRYaIVUkbnVsbNMJCgsMDxJXTlMua2V5c1pOUy5vYmplY3RzViRjbGFzc6INDoACgAOiEBGABIAFgAdccmVsYXRpdmVQYXRoWWFsaWFzRGF0YV8QYi4uL0xpYnJhcnkvTW9iaWxlIERvY3VtZW50cy9jb21+YXBwbGV+Q2xvdWREb2NzL0xpdGVyYXR1ciBNYXN0ZXJhcmJlaXQvQXVmdHJhZ3NmZXJ0aWd1bmcvS25pa2VyLnBz0hcLGBlXTlMuZGF0YU8RAiAAAAAAAiAAAgAACkZlc3RwbGF0dGUAAAAAAAAAAAAAAAAAAAAAANFlr2ZIKwAAABXs5AlLbmlrZXIucHMAAAAAAAAAAAAAAAAAAAAAAAAAAAAAAAAAAAAAAAAAAAAAAAAAAAAAAAAAAAAAAAAAAAAAAAAAIS170WqPwgAAAAAAAAAAAAEABgAACSAAAAAAAAAAAAAAAAAAAAARQXVmdHJhZ3NmZXJ0aWd1bmcAABAACAAA0WWTRgAAABEACAAA0WpzogAAAAEAHAAV7OQAFeziABXs3gAV6m0AFQYZABEXHAARFv4AAgCBRmVzdHBsYXR0ZTpVc2VyczoAU3VwZXJ1c2VyOgBMaWJyYXJ5OgBNb2JpbGUgRG9jdW1lbnRzOgBjb21+YXBwbGV+Q2xvdWREb2NzOgBMaXRlcmF0dXIgTWFzdGVyYXJiZWl0OgBBdWZ0cmFnc2ZlcnRpZ3VuZzoAS25pa2VyLnBzAAAOABQACQBLAG4AaQBrAGUAcgAuAHAAcwAPABYACgBGAGUAcwB0AHAAbABhAHQAdABlABIAb1VzZXJzL1N1cGVydXNlci9MaWJyYXJ5L01vYmlsZSBEb2N1bWVudHMvY29tfmFwcGxlfkNsb3VkRG9jcy9MaXRlcmF0dXIgTWFzdGVyYXJiZWl0L0F1ZnRyYWdzZmVydGlndW5nL0tuaWtlci5wcwAAEwABLwAAFQACABD//wAAgAbSGxwdHlokY2xhc3NuYW1lWCRjbGFzc2VzXU5TTXV0YWJsZURhdGGjHR8gVk5TRGF0YVhOU09iamVjdNIbHCIjXE5TRGljdGlvbmFyeaIiIF8QD05TS2V5ZWRBcmNoaXZlctEmJ1Ryb290gAEACAARABoAIwAtADIANwBAAEYATQBVAGAAZwBqAGwAbgBxAHMAdQB3AIQAjgDzAPgBAAMkAyYDKwM2Az8DTQNRA1gDYQNmA3MDdgOIA4sDkAAAAAAAAAIBAAAAAAAAACgAAAAAAAAAAAAAAAAAAAOS}}

@article{doi:10.1287/opre.48.5.709.12401,
	Abstract = { In this paper, we address the problem of admission control and sequencing in a production system that produces two classes of products. The first class of products is made-to-stock, and the firm is contractually obliged to meet demand for this class of products. The second class of products is made-to-order, and the firm has the option to accept (admit) or reject a particular order. The problem is motivated by suppliers in many industries who sign contracts with large manufacturers to supply them with a given product and also can take on additional orders from other sources on a make-to-order basis. We model the joint admission control/sequencing decision in the context of a simple two-class M/M/1 queue to gain insight into the following problems: 1. How should a firm decide (a) when to accept or reject an additional order, and (b) which type of product to produce next? 2. How should a firm decide what annual quantity of orders to commit to when signing a contract to produce the make-to-stock products? },
	Annote = {kontinuierliche-zeit Markov-Entscheidungs-Prozess zur Modelierung einer kombinierten Make-to-Stock/Make-to-Order Produktionssystem um zu Entscheiden welcher Auftrag sollte akzeptiert und wieviele Make-to-Stock-Produkte gemacht werden sollen.

Besch{\"a}ftigt sich mit dem Warteschalgenmodellen f{\"u}r MTO/MTS},
	Author = {Scott Carr and Izak Duenyas},
	Date-Added = {2015-05-02 11:00:23 +0000},
	Date-Modified = {2015-08-10 07:43:51 +0000},
	Eprint = {http://pubsonline.informs.org/doi/pdf/10.1287/opre.48.5.709.12401},
	Journal = {Operations Research},
	Keywords = {Markov decision process; Markov decision process; Make-to-order},
	Number = {5},
	Pages = {709-720},
	Rating = {1},
	Read = {1},
	Title = {Optimal Admission Control and Sequencing in a Make-to-Stock/Make-to-Order Production System},
	Volume = {48},
	Year = {2000},
	Bdsk-Url-1 = {http://pubsonline.informs.org/doi/abs/10.1287/opre.48.5.709.12401},
	Bdsk-Url-2 = {http://dx.doi.org/10.1287/opre.48.5.709.12401}}

@article{doi:10.1080/00207548508904688,
	Abstract = { Under Poisson order-arrival, this paper discusses the economics of job-shop production by a policy approach, and presents an operational basis for job shop control. The model consists of job orders with marginal profits, selection function with backlog, and a production centre with fixed capacity. For the two main policies, PSP and DSP, this model is formulated by semi-Markov decision processes, and the operation rate, mean shop-time and reward rate (including idle cost) are obtained. Finally, the relationship of `six order-selection policies is given, and the structure of optimal policies is suggested. },
	Annote = {Semi-Markov-Entscheidungs-Prozess zu beachten mehrere Auftrags-Auswahl-Strategien f{\"u}r stochastische Auftragsfertigung mit dem Ziel der Maximierung der langfristigen mittleren Gegenleistung},
	Author = {MASAYUKI MATSUI},
	Date-Added = {2015-05-02 10:56:12 +0000},
	Date-Modified = {2015-05-02 13:25:08 +0000},
	Eprint = {http://dx.doi.org/10.1080/00207548508904688},
	Journal = {International Journal of Production Research},
	Keywords = {order acceptance problem},
	Number = {1},
	Pages = {21-31},
	Title = {Optimal order-selection policies for a job shop production system},
	Volume = {23},
	Year = {1985},
	Bdsk-Url-1 = {http://dx.doi.org/10.1080/00207548508904688}}

@article{doi:10.1080/00207548208947761,
	Abstract = { Abstract Consider job-shop production under the conditions that orders arrive according to a Poisson process, processing time is dependent on the reward of the orders, production capacity is finite, and backlog is allowed. This paper distinguishes two simple order selection policies with a selection criterion (control variable), formulates the problem of maximizing the long-run average return (reward rate) as two special semi-Markov decision processes, and discusses a class of the control problem of stochastic production systems. By a numerical example, it is concluded that two simple policies: Static Selection Policy (SSP) and Sequential Selection Policy (SeSP) are alternative. },
	Annote = {Semi-Markov-Entscheidungs-Prozess zu beachten mehrere Auftrags-Auswahl-Strategien f{\"u}r stochastische Auftragsfertigung mit dem Ziel der Maximierung der langfristigen mittleren Gegenleistung},
	Author = {MASAYUKI MATSUI},
	Date-Added = {2015-05-02 10:53:30 +0000},
	Date-Modified = {2015-05-02 10:53:54 +0000},
	Eprint = {http://dx.doi.org/10.1080/00207548208947761},
	Journal = {International Journal of Production Research},
	Keywords = {Markov decision process; order acceptance problem},
	Number = {2},
	Pages = {201-210},
	Title = {Job-shop model: a M/(G,G)/1(N) production system with order selection},
	Volume = {20},
	Year = {1982},
	Bdsk-Url-1 = {http://dx.doi.org/10.1080/00207548208947761}}

@article{doi:10.1287/opre.23.4.687,
	Abstract = { We consider the problem of controlling M/M/c queuing systems. By providing a new definition of the time of transition, we enlarge the standard set of decision epochs and obtain a preferred version of the n-period problem in which the times between transitions are exponential random variables with constant parameter. Using this new device, we are able to utilize the inductive approach in a manner characteristic of inventory theory. The efficacy of the approach is demonstrated by successfully finding the form of an optimal policy for three distinct models that have appeared in the literature, namely, those of (i) Miller and Cramer, (ii) Crabill and Sabeti, and (iii) Low of particular note is our analysis of the Miller-Cramer model, in which we show that a policy optimal for all sufficiently small discount factors can be obtained from the usual average cost functional equation without recourse to further computation. },
	Annote = {- Max. den mittleren Lohn/Gegenleistung f{\"u}r einen kontrollierten M/M/c-Schlange
- Adaption einer neuen Def. f{\"u}r die {\"U}bergangszeit in einem Markov-Entscheidungs-Prozess
- wichtige Ergebnisse},
	Author = {Steven A. Lippman},
	Date-Added = {2015-05-02 10:47:16 +0000},
	Date-Modified = {2015-05-02 10:47:39 +0000},
	Eprint = {http://dx.doi.org/10.1287/opre.23.4.687},
	Journal = {Operations Research},
	Keywords = {Markov decision process; order acceptance problem},
	Number = {4},
	Pages = {687-710},
	Title = {Applying a New Device in the Optimization of Exponential Queuing Systems},
	Volume = {23},
	Year = {1975},
	Bdsk-Url-1 = {http://dx.doi.org/10.1287/opre.23.4.687}}

@article{doi:10.1137/0120036,
	Abstract = {We consider the problem of maximizing the long-run average return in a single server traffic reward system in which the customer's offer, a joint distribution of reward and of service time required to earn this reward, is independent of the renewal process which governs customer arrivals. After formulating the problem as a semi-Markov decision process, we characterize the form of an optimal policy. When the renewal process is Poisson, the characterization is easily stated : accept a customer if and only if the ratio of his expected reward to his expected service time is larger than g, the long-run average return. When the arrival process is Poisson, g is easily found. Next, batch arrivals are permitted, and further results are obtained.


Read More: http://epubs.siam.org/doi/abs/10.1137/0120036},
	Annote = {- Erw. von Miller (1969)
- Erlaubt Servicezeit welche abh{\"a}ngig ist von der Konsumerklasse
- Semi-Markov-Entscheidungsprozess},
	Author = {Steven A. Lippman and Sheldon M. Ross},
	Date-Added = {2015-05-02 10:34:20 +0000},
	Date-Modified = {2015-05-02 10:35:21 +0000},
	Eprint = {http://dx.doi.org/10.1137/0120036},
	Journal = {SIAM Journal on Applied Mathematics},
	Keywords = {order acceptance problem; Markov decision process},
	Number = {3},
	Pages = {336-342},
	Title = {The Streetwalker's Dilemma: A Job Shop Model},
	Volume = {20},
	Year = {1971},
	Bdsk-Url-1 = {http://dx.doi.org/10.1137/0120036}}

@article{1969,
	Abstract = {This paper considers an n-server queueing system with m customer classes distinguished by the reward associated with serving customers of that class. Our objective is to accept or reject customers so as to maximize the expected value of the rewards received over an infinite planning horizon. By making the assumptions of Poisson arrivals and a common exponential service time this problem can be formulated as an infinite horizon continuous time Markov decision problem. In {\S}3 we customize the general algorithm for solving continuous time Markov decision problems to our queueing model. In {\S}4 we obtain qualitative results about the form of the optimal policy. {\S}6 reports the results of simulation tests which compare heuristic policies for our model when the service times associated with each customer class have arbitrary distributions. The "winning" policy is based on a rather intricate theorem whose proof comprises {\S}5.},
	Annote = {- Problem der Profit-Max.-Aufnahme-Problem
- zeit-kontinuierliche Markov-Entscheidungs-Prozess
- spezieller L{\"o}sungsalgorithmus },
	Author = {Miller, Bruce L.},
	Copyright = {Copyright {\copyright} 1969 INFORMS},
	Date-Added = {2015-05-02 10:30:13 +0000},
	Date-Modified = {2015-05-02 10:32:06 +0000},
	Issn = {00251909},
	Journal = {Management Science},
	Jstor_Articletype = {research-article},
	Jstor_Formatteddate = {Nov., 1969},
	Jstor_Issuetitle = {Theory Series},
	Keywords = {Markov decision process; order acceptance problem},
	Language = {English},
	Number = {3},
	Pages = {pp. 234-245},
	Publisher = {INFORMS},
	Title = {A Queueing Reward System with Several Customer Classes},
	Volume = {16},
	Year = {1969},
	Bdsk-Url-1 = {http://www.jstor.org/stable/2628300}}

@article{Defregger:2007aa,
	Abstract = {We consider the application of revenue management to a make-to-order manufacturing company with limited inventory capacity. Orders with different profit margins arrive stochastically over an infinite time horizon and the company has to decide which orders to accept and which orders to reject. We model the problem with a discrete-time Markov decision process and propose a heuristic procedure. In numerical tests we show the potential benefit of using revenue management instead of a FCFS policy and assess the performance of the heuristic procedure.},
	Annote = {- unendlich-horizont diskret-zeit Markov-Entscheidungs-Prozess mit dem Optimialit{\"a}tskriterium der Maximierung der mittleren Verg{\"u}tung pro Periode.
- Heuristik basiert darauf, dass die Profitmarge in Relation zur genutzen Kapazit{\"a}t gesetzt wird.
- },
	Author = {Defregger, Florian and Kuhn, Heinrich},
	Booktitle = {OR Spectrum},
	Da = {2007/01/01},
	Date-Added = {2015-04-30 13:37:31 +0000},
	Date-Modified = {2015-08-10 07:35:02 +0000},
	Isbn = {0171-6468},
	J2 = {OR Spectrum},
	Keywords = {Revenue management; Make-to-order; Limited inventory; Markov decision process; Value iteration algorithm; order acceptance problem; Literatur{\"u}bersicht},
	La = {English},
	Number = {1},
	Pages = {137-156},
	Publisher = {Springer-Verlag},
	Rating = {5},
	Title = {Revenue management for a make-to-order company with limited inventory capacity},
	Ty = {JOUR},
	Volume = {29},
	Year = {2007},
	Bdsk-Url-1 = {http://dx.doi.org/10.1007/s00291-005-0016-1}}

@article{Spengler:2007aa,
	Annote = {- multiple Annahme
- beobachtbare Produktstruktur

Fazit:
- Literatur interessant
- starker Fokus auf Bid-Preis-Ansatz},
	Author = {Spengler, Thomas and Rehkopf, Stefan and Volling, Thomas},
	Booktitle = {OR Spectrum},
	Da = {2007/01/01},
	Date-Added = {2015-04-30 13:30:32 +0000},
	Date-Modified = {2015-05-02 10:44:56 +0000},
	Isbn = {0171-6468},
	J2 = {OR Spectrum},
	Keywords = {Revenue management; Make-to-order; Bid-price policy},
	La = {English},
	Number = {1},
	Pages = {157-171},
	Publisher = {Springer-Verlag},
	Read = {1},
	Title = {Revenue management in make-to-order manufacturing---an application to the iron and steel industry},
	Ty = {JOUR},
	Volume = {29},
	Year = {2007},
	Bdsk-File-1 = {YnBsaXN0MDDUAQIDBAUGJCVYJHZlcnNpb25YJG9iamVjdHNZJGFyY2hpdmVyVCR0b3ASAAGGoKgHCBMUFRYaIVUkbnVsbNMJCgsMDxJXTlMua2V5c1pOUy5vYmplY3RzViRjbGFzc6INDoACgAOiEBGABIAFgAdccmVsYXRpdmVQYXRoWWFsaWFzRGF0YV8QgC4uL0xpYnJhcnkvTW9iaWxlIERvY3VtZW50cy9jb21+YXBwbGV+Q2xvdWREb2NzL0xpdGVyYXR1ciBNYXN0ZXJhcmJlaXQvQXVmdHJhZ3NmZXJ0aWd1bmcvYXJ0JTNBMTAuMTAwNyUyRnMwMDI5MS0wMDUtMDAyNC0xLTIucGRm0hcLGBlXTlMuZGF0YU8RApAAAAAAApAAAgAACkZlc3RwbGF0dGUAAAAAAAAAAAAAAAAAAAAAANFlr2ZIKwAAABXs5B9hcnQlM0ExMC4xMDA3JTJGczAwMiMxNUVDRjUucGRmAAAAAAAAAAAAAAAAAAAAAAAAAAAAAAAAAAAAAAAAAAAAFez10TxFxAAAAAAAAAAAAAEABgAACSAAAAAAAAAAAAAAAAAAAAARQXVmdHJhZ3NmZXJ0aWd1bmcAABAACAAA0WWTRgAAABEACAAA0Tw3tAAAAAEAHAAV7OQAFeziABXs3gAV6m0AFQYZABEXHAARFv4AAgCXRmVzdHBsYXR0ZTpVc2VyczoAU3VwZXJ1c2VyOgBMaWJyYXJ5OgBNb2JpbGUgRG9jdW1lbnRzOgBjb21+YXBwbGV+Q2xvdWREb2NzOgBMaXRlcmF0dXIgTWFzdGVyYXJiZWl0OgBBdWZ0cmFnc2ZlcnRpZ3VuZzoAYXJ0JTNBMTAuMTAwNyUyRnMwMDIjMTVFQ0Y1LnBkZgAADgBQACcAYQByAHQAJQAzAEEAMQAwAC4AMQAwADAANwAlADIARgBzADAAMAAyADkAMQAtADAAMAA1AC0AMAAwADIANAAtADEALQAyAC4AcABkAGYADwAWAAoARgBlAHMAdABwAGwAYQB0AHQAZQASAI1Vc2Vycy9TdXBlcnVzZXIvTGlicmFyeS9Nb2JpbGUgRG9jdW1lbnRzL2NvbX5hcHBsZX5DbG91ZERvY3MvTGl0ZXJhdHVyIE1hc3RlcmFyYmVpdC9BdWZ0cmFnc2ZlcnRpZ3VuZy9hcnQlM0ExMC4xMDA3JTJGczAwMjkxLTAwNS0wMDI0LTEtMi5wZGYAABMAAS8AABUAAgAQ//8AAIAG0hscHR5aJGNsYXNzbmFtZVgkY2xhc3Nlc11OU011dGFibGVEYXRhox0fIFZOU0RhdGFYTlNPYmplY3TSGxwiI1xOU0RpY3Rpb25hcnmiIiBfEA9OU0tleWVkQXJjaGl2ZXLRJidUcm9vdIABAAgAEQAaACMALQAyADcAQABGAE0AVQBgAGcAagBsAG4AcQBzAHUAdwCEAI4BEQEWAR4DsgO0A7kDxAPNA9sD3wPmA+8D9AQBBAQEFgQZBB4AAAAAAAACAQAAAAAAAAAoAAAAAAAAAAAAAAAAAAAEIA==},
	Bdsk-Url-1 = {http://dx.doi.org/10.1007/s00291-005-0024-1}}

@article{doi:10.1287/trsc.32.2.127,
	Abstract = { A dynamic and stochastic distribution problem with a number of terminals and a fleet of vehicles is analyzed. Customers request the transportation of batches of loads between different origins and destinations. A request can be accepted or rejected; if the request is accepted, a reward is received. Holding costs for vehicles and loads at terminals as well as transportation costs are included in the model. The objective is to determine a policy for accepting transportation requests and for dispatching vehicles that maximizes the expected value (rewards minus costs) of operating the distribution system. A Markov decision process model is developed, optimal policies are characterized, and algorithms that exploit the structure of the problem are developed. },
	Author = {Anton J. Kleywegt and Jason D. Papastavrou},
	Date-Added = {2015-04-30 13:27:17 +0000},
	Date-Modified = {2015-05-02 10:22:17 +0000},
	Eprint = {http://dx.doi.org/10.1287/trsc.32.2.127},
	Journal = {Transportation Science},
	Keywords = {knapsack problem},
	Number = {2},
	Pages = {127-141},
	Title = {Acceptance and Dispatching Policies for a Distribution Problem},
	Volume = {32},
	Year = {1998},
	Bdsk-File-1 = {YnBsaXN0MDDUAQIDBAUGJCVYJHZlcnNpb25YJG9iamVjdHNZJGFyY2hpdmVyVCR0b3ASAAGGoKgHCBMUFRYaIVUkbnVsbNMJCgsMDxJXTlMua2V5c1pOUy5vYmplY3RzViRjbGFzc6INDoACgAOiEBGABIAFgAdccmVsYXRpdmVQYXRoWWFsaWFzRGF0YV8QcC4uL0xpYnJhcnkvTW9iaWxlIERvY3VtZW50cy9jb21+YXBwbGV+Q2xvdWREb2NzL0xpdGVyYXR1ciBNYXN0ZXJhcmJlaXQvZHluLXN0b2Mta25hcHNhY2svdHJzYyUyRTMyJTJFMiUyRTEyNy5wZGbSFwsYGVdOUy5kYXRhTxECWAAAAAACWAACAAAKRmVzdHBsYXR0ZQAAAAAAAAAAAAAAAAAAAAAA0WWvZkgrAAAAFe5LF3Ryc2MlMkUzMiUyRTIlMkUxMjcucGRmAAAAAAAAAAAAAAAAAAAAAAAAAAAAAAAAAAAAAAAAAAAAAAAAAAAAAAAV7k/RZGe/AAAAAAAAAAAAAQAGAAAJIAAAAAAAAAAAAAAAAAAAABFkeW4tc3RvYy1rbmFwc2FjawAAEAAIAADRZZNGAAAAEQAIAADRZEufAAAAAQAcABXuSwAV7OIAFezeABXqbQAVBhkAERccABEW/gACAI9GZXN0cGxhdHRlOlVzZXJzOgBTdXBlcnVzZXI6AExpYnJhcnk6AE1vYmlsZSBEb2N1bWVudHM6AGNvbX5hcHBsZX5DbG91ZERvY3M6AExpdGVyYXR1ciBNYXN0ZXJhcmJlaXQ6AGR5bi1zdG9jLWtuYXBzYWNrOgB0cnNjJTJFMzIlMkUyJTJFMTI3LnBkZgAADgAwABcAdAByAHMAYwAlADIARQAzADIAJQAyAEUAMgAlADIARQAxADIANwAuAHAAZABmAA8AFgAKAEYAZQBzAHQAcABsAGEAdAB0AGUAEgB9VXNlcnMvU3VwZXJ1c2VyL0xpYnJhcnkvTW9iaWxlIERvY3VtZW50cy9jb21+YXBwbGV+Q2xvdWREb2NzL0xpdGVyYXR1ciBNYXN0ZXJhcmJlaXQvZHluLXN0b2Mta25hcHNhY2svdHJzYyUyRTMyJTJFMiUyRTEyNy5wZGYAABMAAS8AABUAAgAQ//8AAIAG0hscHR5aJGNsYXNzbmFtZVgkY2xhc3Nlc11OU011dGFibGVEYXRhox0fIFZOU0RhdGFYTlNPYmplY3TSGxwiI1xOU0RpY3Rpb25hcnmiIiBfEA9OU0tleWVkQXJjaGl2ZXLRJidUcm9vdIABAAgAEQAaACMALQAyADcAQABGAE0AVQBgAGcAagBsAG4AcQBzAHUAdwCEAI4BAQEGAQ4DagNsA3EDfAOFA5MDlwOeA6cDrAO5A7wDzgPRA9YAAAAAAAACAQAAAAAAAAAoAAAAAAAAAAAAAAAAAAAD2A==},
	Bdsk-Url-1 = {http://dx.doi.org/10.1287/trsc.32.2.127}}

@article{papas1996,
	Abstract = {In this paper a dynamic and stochastic model of the well-known knapsack problem is developed and analyzed. The problem is motivated by a wide variety of real-world applications. Objects of random weight and reward arrive according to a stochastic process in time. The weights and rewards associated with the objects are distributed according to a known probability distribution. Each object can either be accepted to be loaded into the knapsack, of known weight capacity, or be rejected. The objective is to determine the optimal policy for loading the knapsack within a fixed time horizon so as to maximize the expected accumulated reward. The optimal decision rules are derived and are shown to exhibit surprising behavior in some cases. It is also shown that if the distribution of the weights is concave, then the decision rules behave according to intuition.},
	Author = {Jason D. Papastavrou and Rajagopalan, Srikanth and Anton J. Kleywegt},
	Copyright = {Copyright {\copyright} 1996 INFORMS},
	Date-Added = {2015-04-30 13:23:22 +0000},
	Date-Modified = {2015-05-02 10:23:37 +0000},
	Issn = {00251909},
	Journal = {Management Science},
	Jstor_Articletype = {research-article},
	Jstor_Formatteddate = {Dec., 1996},
	Keywords = {knapsack problem},
	Language = {English},
	Number = {12},
	Pages = {pp. 1706-1718},
	Publisher = {INFORMS},
	Title = {The Dynamic and Stochastic Knapsack Problem with Deadlines},
	Volume = {42},
	Year = {1996},
	Bdsk-File-1 = {YnBsaXN0MDDUAQIDBAUGJCVYJHZlcnNpb25YJG9iamVjdHNZJGFyY2hpdmVyVCR0b3ASAAGGoKgHCBMUFRYaIVUkbnVsbNMJCgsMDxJXTlMua2V5c1pOUy5vYmplY3RzViRjbGFzc6INDoACgAOiEBGABIAFgAdccmVsYXRpdmVQYXRoWWFsaWFzRGF0YV8QZi4uL0xpYnJhcnkvTW9iaWxlIERvY3VtZW50cy9jb21+YXBwbGV+Q2xvdWREb2NzL0xpdGVyYXR1ciBNYXN0ZXJhcmJlaXQvZHluLXN0b2Mta25hcHNhY2svMjYzNDU0OC0yLnBkZtIXCxgZV05TLmRhdGFPEQIwAAAAAAIwAAIAAApGZXN0cGxhdHRlAAAAAAAAAAAAAAAAAAAAAADRZa9mSCsAAAAV7ksNMjYzNDU0OC0yLnBkZgAAAAAAAAAAAAAAAAAAAAAAAAAAAAAAAAAAAAAAAAAAAAAAAAAAAAAAAAAAAAAAAAAAABXuTtE8S0IAAAAAAAAAAAABAAYAAAkgAAAAAAAAAAAAAAAAAAAAEWR5bi1zdG9jLWtuYXBzYWNrAAAQAAgAANFlk0YAAAARAAgAANE8PTIAAAABABwAFe5LABXs4gAV7N4AFeptABUGGQARFxwAERb+AAIAhUZlc3RwbGF0dGU6VXNlcnM6AFN1cGVydXNlcjoATGlicmFyeToATW9iaWxlIERvY3VtZW50czoAY29tfmFwcGxlfkNsb3VkRG9jczoATGl0ZXJhdHVyIE1hc3RlcmFyYmVpdDoAZHluLXN0b2Mta25hcHNhY2s6ADI2MzQ1NDgtMi5wZGYAAA4AHAANADIANgAzADQANQA0ADgALQAyAC4AcABkAGYADwAWAAoARgBlAHMAdABwAGwAYQB0AHQAZQASAHNVc2Vycy9TdXBlcnVzZXIvTGlicmFyeS9Nb2JpbGUgRG9jdW1lbnRzL2NvbX5hcHBsZX5DbG91ZERvY3MvTGl0ZXJhdHVyIE1hc3RlcmFyYmVpdC9keW4tc3RvYy1rbmFwc2Fjay8yNjM0NTQ4LTIucGRmAAATAAEvAAAVAAIAEP//AACABtIbHB0eWiRjbGFzc25hbWVYJGNsYXNzZXNdTlNNdXRhYmxlRGF0YaMdHyBWTlNEYXRhWE5TT2JqZWN00hscIiNcTlNEaWN0aW9uYXJ5oiIgXxAPTlNLZXllZEFyY2hpdmVy0SYnVHJvb3SAAQAIABEAGgAjAC0AMgA3AEAARgBNAFUAYABnAGoAbABuAHEAcwB1AHcAhACOAPcA/AEEAzgDOgM/A0oDUwNhA2UDbAN1A3oDhwOKA5wDnwOkAAAAAAAAAgEAAAAAAAAAKAAAAAAAAAAAAAAAAAAAA6Y=},
	Bdsk-Url-1 = {http://www.jstor.org/stable/2634548}}

@article{kley2001,
	Abstract = {A resource allocation problem, called the dynamic and stochastic knapsack problem (DSKP), is studied. A known quantity of resource is available, and demands for the resource arrive randomly over time. Each demand requires an amount of resource and has an associated reward. The resource requirements and rewards are unknown before arrival and become known at the time of the demand's arrival. Demands can be either accepted or rejected. If a demand is accepted, the associated reward is received; if a demand is rejected, a penalty is incurred. The problem can be stopped at any time, at which time a terminal value is received that depends on the quantity of resource remaining. A holding cost that depends on the amount of resource allocated is incurred until the process is stopped. The objective is to determine an optimal policy for accepting demands and for stopping that maximizes the expected value (rewards minus costs) accumulated. The DSKP is analyzed for both the infinite horizon and the finite horizon cases. It is shown that the DSKP has an optimal policy that consists of an easily computed threshold acceptance rule and an optimal stopping rule. A number of monotonicity and convexity properties are studied. This problem is motivated by the issues facing a manager of an LTL transportation operation regarding the acceptance of loads and the dispatching of a vehicle. It also has applications in many other areas, such as the scheduling of batch processors, the selling of assets, the selection of investment projects, and yield management.},
	Author = {Anton J. Kleywegt and Jason D. Papastavrou},
	Copyright = {Copyright {\copyright} 2001 INFORMS},
	Date-Added = {2015-04-30 13:19:54 +0000},
	Date-Modified = {2015-05-02 10:22:25 +0000},
	Issn = {0030364X},
	Journal = {Operations Research},
	Jstor_Articletype = {research-article},
	Jstor_Formatteddate = {Jan. - Feb., 2001},
	Keywords = {knapsack problem},
	Language = {English},
	Number = {1},
	Pages = {pp. 26-41},
	Publisher = {INFORMS},
	Title = {The Dynamic and Stochastic Knapsack Problem with Random Sized Items},
	Volume = {49},
	Year = {2001},
	Bdsk-File-1 = {YnBsaXN0MDDUAQIDBAUGJCVYJHZlcnNpb25YJG9iamVjdHNZJGFyY2hpdmVyVCR0b3ASAAGGoKgHCBMUFRYaIVUkbnVsbNMJCgsMDxJXTlMua2V5c1pOUy5vYmplY3RzViRjbGFzc6INDoACgAOiEBGABIAFgAdccmVsYXRpdmVQYXRoWWFsaWFzRGF0YV8QZS4uL0xpYnJhcnkvTW9iaWxlIERvY3VtZW50cy9jb21+YXBwbGV+Q2xvdWREb2NzL0xpdGVyYXR1ciBNYXN0ZXJhcmJlaXQvZHluLXN0b2Mta25hcHNhY2svMjIyOTUyLTIucGRm0hcLGBlXTlMuZGF0YU8RAioAAAAAAioAAgAACkZlc3RwbGF0dGUAAAAAAAAAAAAAAAAAAAAAANFlr2ZIKwAAABXuSwwyMjI5NTItMi5wZGYAAAAAAAAAAAAAAAAAAAAAAAAAAAAAAAAAAAAAAAAAAAAAAAAAAAAAAAAAAAAAAAAAAAAAFe5M0TxNSgAAAAAAAAAAAAEABgAACSAAAAAAAAAAAAAAAAAAAAARZHluLXN0b2Mta25hcHNhY2sAABAACAAA0WWTRgAAABEACAAA0Tw/OgAAAAEAHAAV7ksAFeziABXs3gAV6m0AFQYZABEXHAARFv4AAgCERmVzdHBsYXR0ZTpVc2VyczoAU3VwZXJ1c2VyOgBMaWJyYXJ5OgBNb2JpbGUgRG9jdW1lbnRzOgBjb21+YXBwbGV+Q2xvdWREb2NzOgBMaXRlcmF0dXIgTWFzdGVyYXJiZWl0OgBkeW4tc3RvYy1rbmFwc2FjazoAMjIyOTUyLTIucGRmAA4AGgAMADIAMgAyADkANQAyAC0AMgAuAHAAZABmAA8AFgAKAEYAZQBzAHQAcABsAGEAdAB0AGUAEgByVXNlcnMvU3VwZXJ1c2VyL0xpYnJhcnkvTW9iaWxlIERvY3VtZW50cy9jb21+YXBwbGV+Q2xvdWREb2NzL0xpdGVyYXR1ciBNYXN0ZXJhcmJlaXQvZHluLXN0b2Mta25hcHNhY2svMjIyOTUyLTIucGRmABMAAS8AABUAAgAQ//8AAIAG0hscHR5aJGNsYXNzbmFtZVgkY2xhc3Nlc11OU011dGFibGVEYXRhox0fIFZOU0RhdGFYTlNPYmplY3TSGxwiI1xOU0RpY3Rpb25hcnmiIiBfEA9OU0tleWVkQXJjaGl2ZXLRJidUcm9vdIABAAgAEQAaACMALQAyADcAQABGAE0AVQBgAGcAagBsAG4AcQBzAHUAdwCEAI4A9gD7AQMDMQMzAzgDQwNMA1oDXgNlA24DcwOAA4MDlQOYA50AAAAAAAACAQAAAAAAAAAoAAAAAAAAAAAAAAAAAAADnw==},
	Bdsk-Url-1 = {http://www.jstor.org/stable/222952}}

@article{adelman2007,
	Abstract = {We formally derive the standard deterministic linear program (LP) for bid-price control by making an affine functional approximation to the optimal dynamic programming value function. This affine functional approximation gives rise to a new LP that yields tighter bounds than the standard LP. Whereas the standard LP computes static bid prices, our LP computes a time trajectory of bid prices. We show that there exist dynamic bid prices, optimal for the LP, that are individually monotone with respect to time. We provide a column generation procedure for solving the LP within a desired optimality tolerance, and present numerical results on computational and economic performance.},
	Author = {Adelman, Daniel},
	Copyright = {Copyright {\copyright} 2007 INFORMS},
	Date-Added = {2015-04-30 13:08:38 +0000},
	Date-Modified = {2015-05-02 10:14:44 +0000},
	Issn = {0030364X},
	Journal = {Operations Research},
	Jstor_Articletype = {research-article},
	Jstor_Formatteddate = {Jul. - Aug., 2007},
	Keywords = {Revenue management; Dynamic Bid Prices; Bid-price policy},
	Language = {English},
	Number = {4},
	Pages = {pp. 647-661},
	Publisher = {INFORMS},
	Title = {Dynamic Bid Prices in Revenue Management},
	Url = {http://www.jstor.org/stable/25147109},
	Volume = {55},
	Year = {2007},
	Bdsk-Url-1 = {http://www.jstor.org/stable/25147109}}

@article{corsten1998yield,
	Author = {Corsten, Hans and Stuhlmann, Stephan},
	Date-Added = {2015-04-30 13:08:38 +0000},
	Date-Modified = {2015-04-30 13:08:38 +0000},
	Journal = {Schriften zum Produktionsmanagement},
	Keywords = {sonstiges},
	Title = {Yield Management: Ein Ansatz zur Kapazit{\"a}tsplanung und-steuerung in Dienstleistungsunternehmen},
	Volume = {18},
	Year = {1998}}

@article{corsten1999yield,
	Author = {Corsten, Hans and Stuhlmann, Stephan},
	Date-Added = {2015-04-30 13:08:38 +0000},
	Date-Modified = {2015-04-30 13:08:38 +0000},
	Journal = {Wettbewerbsfaktor Dienstleistung: Produktion von Dienstleistungen-Produktion als Dienstleistung, Vahlen, M{\"u}nchen},
	Keywords = {sonstiges},
	Pages = {79--107},
	Title = {Yield Management als Ansatzpunkt f{\"u}r die Kapazit{\"a}tsgestaltung von Dienstleistungsunternehmungen},
	Year = {1999}}

@book{daudel1992yield,
	Author = {Daudel, Sylvain and Vialle, Georges},
	Date-Added = {2015-04-30 13:08:38 +0000},
	Date-Modified = {2015-04-30 13:08:38 +0000},
	Keywords = {sonstiges},
	Publisher = {Campus-Verlag},
	Title = {Yield-Management: Ertr{\"a}ge optimieren durch nachfrageorientierte Angebotssteuerung},
	Year = {1992}}

@article{fay2008selling,
	Author = {Fay, Scott},
	Date-Added = {2015-04-30 13:08:38 +0000},
	Date-Modified = {2015-05-02 10:15:06 +0000},
	Journal = {Journal of Retailing},
	Keywords = {Opaque Product},
	Number = {1},
	Pages = {59--75},
	Publisher = {Elsevier},
	Title = {Selling an opaque product through an intermediary: The case of disguising one's product},
	Volume = {84},
	Year = {2008}}

@article{fay2008probabilistic,
	Author = {Fay, Scott and Xie, Jinhong},
	Date-Added = {2015-04-30 13:08:38 +0000},
	Date-Modified = {2015-05-02 10:15:15 +0000},
	Journal = {Marketing Science},
	Keywords = {sonstiges},
	Number = {4},
	Pages = {674--690},
	Publisher = {INFORMS},
	Title = {Probabilistic goods: A creative way of selling products and services},
	Volume = {27},
	Year = {2008}}

@article{friege1996yield,
	Author = {Friege, Christian},
	Date-Added = {2015-04-30 13:08:38 +0000},
	Date-Modified = {2015-04-30 13:08:38 +0000},
	Journal = {WiSt--Wirtschaftswissenschaftliches Studium},
	Keywords = {sonstiges},
	Pages = {616--622},
	Title = {Yield-Management},
	Volume = {25},
	Year = {1996}}

@article{gallego2008revenue,
	Author = {Gallego, Guillermo and Kou, SG and Phillips, Robert},
	Date-Added = {2015-04-30 13:08:38 +0000},
	Date-Modified = {2015-05-02 10:15:27 +0000},
	Journal = {Management Science},
	Keywords = {Revenue management},
	Number = {3},
	Pages = {550--564},
	Publisher = {INFORMS},
	Title = {Revenue management of callable products},
	Volume = {54},
	Year = {2008}}

@article{gonsch2013using,
	Author = {G{\"o}nsch, Jochen and Steinhardt, Claudius},
	Date-Added = {2015-04-30 13:08:38 +0000},
	Date-Modified = {2015-05-02 13:27:31 +0000},
	Journal = {BuR-Business Research},
	Keywords = {DP; DLP},
	Number = {1},
	Pages = {94--115},
	Publisher = {Springer},
	Read = {1},
	Title = {Using dynamic programming decomposition for revenue management with opaque products},
	Volume = {6},
	Year = {2013},
	Bdsk-File-1 = {YnBsaXN0MDDUAQIDBAUGJCVYJHZlcnNpb25YJG9iamVjdHNZJGFyY2hpdmVyVCR0b3ASAAGGoKgHCBMUFRYaIVUkbnVsbNMJCgsMDxJXTlMua2V5c1pOUy5vYmplY3RzViRjbGFzc6INDoACgAOiEBGABIAFgAdccmVsYXRpdmVQYXRoWWFsaWFzRGF0YV8Qhi4uL0RvY3VtZW50cy9TdHVkaXVtL1NlbWluYXIgT3BlcmF0aW9ucyBNYW5hZ21lbnQvMSBSZWNoZXJjaGUvMSBBdXNnYW5nc2xpdGVyYXR1ci9hcnQlM0ExMC4xMDA3JTJGQkYwMzM0Mjc0NCAoMjAxNC0xMS0wN18xMi0yMi0xMCkucGRm0hcLGBlXTlMuZGF0YU8RAqoAAAAAAqoAAgAACkZlc3RwbGF0dGUAAAAAAAAAAAAAAAAAAAAAANFlr2ZIKwAAABTwMR9hcnQlM0ExMC4xMDA3JTJGQkYwMyMxNEYwMzMucGRmAAAAAAAAAAAAAAAAAAAAAAAAAAAAAAAAAAAAAAAAAAAAFPAz0IppEQAAAAAAAAAAAAEABgAACSAAAAAAAAAAAAAAAAAAAAATMSBBdXNnYW5nc2xpdGVyYXR1cgAAEAAIAADRZZNGAAAAEQAIAADQilsBAAAAAQAcABTwMQAU8C8AFPAlABTiEAAU4HEAERccABEW/gACAJBGZXN0cGxhdHRlOlVzZXJzOgBTdXBlcnVzZXI6AERvY3VtZW50czoAU3R1ZGl1bToAU2VtaW5hciBPcGVyYXRpb25zIE1hbmFnbWVudDoAMSBSZWNoZXJjaGU6ADEgQXVzZ2FuZ3NsaXRlcmF0dXI6AGFydCUzQTEwLjEwMDclMkZCRjAzIzE0RjAzMy5wZGYADgBqADQAYQByAHQAJQAzAEEAMQAwAC4AMQAwADAANwAlADIARgBCAEYAMAAzADMANAAyADcANAA0ACAAKAAyADAAMQA0AC0AMQAxAC0AMAA3AF8AMQAyAC0AMgAyAC0AMQAwACkALgBwAGQAZgAPABYACgBGAGUAcwB0AHAAbABhAHQAdABlABIAk1VzZXJzL1N1cGVydXNlci9Eb2N1bWVudHMvU3R1ZGl1bS9TZW1pbmFyIE9wZXJhdGlvbnMgTWFuYWdtZW50LzEgUmVjaGVyY2hlLzEgQXVzZ2FuZ3NsaXRlcmF0dXIvYXJ0JTNBMTAuMTAwNyUyRkJGMDMzNDI3NDQgKDIwMTQtMTEtMDdfMTItMjItMTApLnBkZgAAEwABLwAAFQACABD//wAAgAbSGxwdHlokY2xhc3NuYW1lWCRjbGFzc2VzXU5TTXV0YWJsZURhdGGjHR8gVk5TRGF0YVhOU09iamVjdNIbHCIjXE5TRGljdGlvbmFyeaIiIF8QD05TS2V5ZWRBcmNoaXZlctEmJ1Ryb290gAEACAARABoAIwAtADIANwBAAEYATQBVAGAAZwBqAGwAbgBxAHMAdQB3AIQAjgEXARwBJAPSA9QD2QPkA+0D+wP/BAYEDwQUBCEEJAQ2BDkEPgAAAAAAAAIBAAAAAAAAACgAAAAAAAAAAAAAAAAAAARA}}

@book{Grus:2008aa,
	Address = {Wiesbaden},
	Author = {Gru{\ss}, Christian M. F.},
	Date-Added = {2015-04-30 13:08:38 +0000},
	Date-Modified = {2015-05-02 10:15:48 +0000},
	Edition = {1. Aufl.},
	Isbn = {978-3-8349-8114-1},
	Keywords = {Revenue management; Deutsch; Automobil},
	Publisher = {Gabler Verlag / GWV Fachverlage GmbH, Wiesbaden},
	Title = {Revenue-Management in der Automobilindustrie : Vorgehenskonzept zur online Neuwagendirektdistribution und Produktionsharmonisierung},
	Year = {2008}}

@book{Hintsches:2012aa,
	Address = {Wiesbaden},
	Author = {Hintsches, Andr{\'e}},
	Date-Added = {2015-04-30 13:08:38 +0000},
	Date-Modified = {2015-05-02 10:17:22 +0000},
	Isbn = {978-3-8349-4207-4},
	Keywords = {Deutsch; capacity control; Make-to-order; order acceptance problem},
	Publisher = {Springer Gabler},
	Title = {Dynamische Kapazit{\"a}tssteuerung bei kundenindividueller Auftragsproduktion in der stahlverarbeitenden Industrie},
	Year = {2012}}

@incollection{jerath2009selling,
	Author = {Jerath, Kinshuk and Netessine, Serguei and Veeraraghavan, Senthil K},
	Booktitle = {Consumer-Driven Demand and Operations Management Models},
	Date-Added = {2015-04-30 13:08:38 +0000},
	Date-Modified = {2015-05-02 10:20:17 +0000},
	Keywords = {Opaque Product},
	Pages = {253--300},
	Publisher = {Springer},
	Title = {Selling to strategic customers: Opaque selling strategies},
	Year = {2009}}

@article{jiang2007price,
	Author = {Jiang, Yabing},
	Date-Added = {2015-04-30 13:08:38 +0000},
	Date-Modified = {2015-05-02 10:20:25 +0000},
	Journal = {Journal of Revenue \&amp; Pricing Management},
	Keywords = {Opaque Product},
	Number = {2},
	Pages = {118--134},
	Publisher = {Nature Publishing Group},
	Title = {Price discrimination with opaque products},
	Volume = {6},
	Year = {2007}}

@article{kimes1989yield,
	Author = {Kimes, Sheryl E},
	Date-Added = {2015-04-30 13:08:38 +0000},
	Date-Modified = {2015-04-30 13:08:38 +0000},
	Journal = {Journal of operations management},
	Keywords = {sonstiges},
	Number = {4},
	Pages = {348--363},
	Publisher = {Elsevier},
	Title = {Yield management: a tool for capacity-considered service firms},
	Volume = {8},
	Year = {1989b}}

@techreport{klein2001revenue,
	Author = {Klein, Robert},
	Date-Added = {2015-04-30 13:08:38 +0000},
	Date-Modified = {2015-05-02 10:20:54 +0000},
	Institution = {Darmstadt Technical University, Department of Business Administration, Economics and Law, Institute for Business Studies (BWL)},
	Keywords = {Revenue management; Deutsch; Basics},
	Title = {Revenue Management: Quantitative Methoden zur Erl{\"o}smaximierung in der Dienstleistungsproduktion},
	Year = {2001}}

@book{Klein:2008aa,
	Address = {Berlin [u.a.]},
	Author = {Klein, Robert and Steinhardt, Claudius},
	Date-Added = {2015-04-30 13:08:38 +0000},
	Date-Modified = {2015-05-02 10:21:18 +0000},
	Isbn = {978-354-06884-3-3},
	Keywords = {Revenue management; Basics},
	Publisher = {Springer},
	Title = {Revenue Management : Grundlagen und mathematische Methoden},
	Year = {2008}}

@article{klein2007network,
	Author = {Klein, Robert},
	Date-Added = {2015-04-30 13:08:38 +0000},
	Date-Modified = {2015-05-02 10:21:08 +0000},
	Journal = {OR Spectrum},
	Keywords = {Network; capacity control; Bid-price policy},
	Number = {1},
	Pages = {39--60},
	Publisher = {Springer},
	Title = {Network capacity control using self-adjusting bid-prices},
	Volume = {29},
	Year = {2007}}

@article{kolisch2006revenue,
	Author = {Kolisch, R and Zatta, D},
	Date-Added = {2015-04-30 13:08:38 +0000},
	Date-Modified = {2015-05-02 10:22:40 +0000},
	Journal = {Marketing Journal},
	Keywords = {Revenue management; Deutsch; Basics},
	Pages = {38--41},
	Title = {Revenue-Management in der Sachg{\"u}terproduktion},
	Volume = {12},
	Year = {2006}}

@article{liu2008choice,
	Author = {Liu, Qian and Van Ryzin, Garrett},
	Date-Added = {2015-04-30 13:08:38 +0000},
	Date-Modified = {2015-05-02 10:25:14 +0000},
	Journal = {Manufacturing \&amp; Service Operations Management},
	Keywords = {DLP},
	Number = {2},
	Pages = {288--310},
	Publisher = {INFORMS},
	Title = {On the choice-based linear programming model for network revenue management},
	Volume = {10},
	Year = {2008},
	Bdsk-File-1 = {YnBsaXN0MDDUAQIDBAUGJCVYJHZlcnNpb25YJG9iamVjdHNZJGFyY2hpdmVyVCR0b3ASAAGGoKgHCBMUFRYaIVUkbnVsbNMJCgsMDxJXTlMua2V5c1pOUy5vYmplY3RzViRjbGFzc6INDoACgAOiEBGABIAFgAdccmVsYXRpdmVQYXRoWWFsaWFzRGF0YV8QqS4uL0RvY3VtZW50cy9TdHVkaXVtL1NlbWluYXIgT3BlcmF0aW9ucyBNYW5hZ21lbnQvMSBSZWNoZXJjaGUvMiBEeW5hbWlzY2hlIFByb2dyYW1taWVydW5nL09uIHRoZSBDaG9pY2UtQmFzZWQgTGluZWFyIFByb2dyYW1taW5nIE1vZGVsIGZvciBOZXR3b3JrIFJldmVudWUgTWFuYWdlbWVudC5wZGbSFwsYGVdOUy5kYXRhTxEDEgAAAAADEgACAAAKRmVzdHBsYXR0ZQAAAAAAAAAAAAAAAAAAAAAA0WWvZkgrAAAAFPA0H09uIHRoZSBDaG9pY2UtQmFzZWQgIzE0RjAzQi5wZGYAAAAAAAAAAAAAAAAAAAAAAAAAAAAAAAAAAAAAAAAAAAAU8DvQhoQOAAAAAAAAAAAAAQAGAAAJIAAAAAAAAAAAAAAAAAAAABsyIER5bmFtaXNjaGUgUHJvZ3JhbW1pZXJ1bmcAABAACAAA0WWTRgAAABEACAAA0IZ1/gAAAAEAHAAU8DQAFPAvABTwJQAU4hAAFOBxABEXHAARFv4AAgCYRmVzdHBsYXR0ZTpVc2VyczoAU3VwZXJ1c2VyOgBEb2N1bWVudHM6AFN0dWRpdW06AFNlbWluYXIgT3BlcmF0aW9ucyBNYW5hZ21lbnQ6ADEgUmVjaGVyY2hlOgAyIER5bmFtaXNjaGUgUHJvZ3JhbW1pZXJ1bmc6AE9uIHRoZSBDaG9pY2UtQmFzZWQgIzE0RjAzQi5wZGYADgCgAE8ATwBuACAAdABoAGUAIABDAGgAbwBpAGMAZQAtAEIAYQBzAGUAZAAgAEwAaQBuAGUAYQByACAAUAByAG8AZwByAGEAbQBtAGkAbgBnACAATQBvAGQAZQBsACAAZgBvAHIAIABOAGUAdAB3AG8AcgBrACAAUgBlAHYAZQBuAHUAZQAgAE0AYQBuAGEAZwBlAG0AZQBuAHQALgBwAGQAZgAPABYACgBGAGUAcwB0AHAAbABhAHQAdABlABIAtlVzZXJzL1N1cGVydXNlci9Eb2N1bWVudHMvU3R1ZGl1bS9TZW1pbmFyIE9wZXJhdGlvbnMgTWFuYWdtZW50LzEgUmVjaGVyY2hlLzIgRHluYW1pc2NoZSBQcm9ncmFtbWllcnVuZy9PbiB0aGUgQ2hvaWNlLUJhc2VkIExpbmVhciBQcm9ncmFtbWluZyBNb2RlbCBmb3IgTmV0d29yayBSZXZlbnVlIE1hbmFnZW1lbnQucGRmABMAAS8AABUAAgAQ//8AAIAG0hscHR5aJGNsYXNzbmFtZVgkY2xhc3Nlc11OU011dGFibGVEYXRhox0fIFZOU0RhdGFYTlNPYmplY3TSGxwiI1xOU0RpY3Rpb25hcnmiIiBfEA9OU0tleWVkQXJjaGl2ZXLRJidUcm9vdIABAAgAEQAaACMALQAyADcAQABGAE0AVQBgAGcAagBsAG4AcQBzAHUAdwCEAI4BOgE/AUcEXQRfBGQEbwR4BIYEigSRBJoEnwSsBK8EwQTEBMkAAAAAAAACAQAAAAAAAAAoAAAAAAAAAAAAAAAAAAAEyw==}}

@book{Martens:2009aa,
	Address = {Wiesbaden},
	Author = {von Martens, Tobias},
	Date-Added = {2015-04-30 13:08:38 +0000},
	Date-Modified = {2015-05-02 10:22:52 +0000},
	Edition = {1. Aufl.},
	Isbn = {978-3-8349-1598-6},
	Keywords = {Revenue management; Deutsch; Basics},
	Publisher = {Gabler},
	Title = {Kundenwertorientiertes Revenue Management im Dienstleistungsbereich},
	Year = {2009}}

@article{modarres2009revenue,
	Author = {Modarres, Mohammad and Sharifyazdi, Mehdi},
	Date-Added = {2015-04-30 13:08:38 +0000},
	Date-Modified = {2015-05-02 10:23:11 +0000},
	Journal = {European Journal of Operational Research},
	Keywords = {capacity control; Revenue management;},
	Number = {2},
	Pages = {442--459},
	Publisher = {Elsevier},
	Title = {Revenue management approach to stochastic capacity allocation problem},
	Volume = {192},
	Year = {2009}}

@book{muller2007revenue,
	Author = {M{\"u}ller-Bungart, Michael},
	Date-Added = {2015-04-30 13:08:38 +0000},
	Date-Modified = {2015-05-02 10:23:28 +0000},
	Keywords = {Revenue management; flexible Products; broadcasting},
	Publisher = {Springer},
	Title = {Revenue management with flexible products: models and methods for the broadcasting industry},
	Volume = {596},
	Year = {2007}}

@article{petrick2012using,
	Annote = {Petrick:2012aa war doppelt.},
	Author = {Petrick, Anita and Steinhardt, Claudius and G{\"o}nsch, Jochen and Klein, Robert},
	Date-Added = {2015-04-30 13:08:38 +0000},
	Date-Modified = {2015-08-10 11:59:03 +0000},
	Journal = {OR spectrum},
	Keywords = {Revenue management; flexible Products},
	Number = {1},
	Pages = {215--242},
	Publisher = {Springer},
	Title = {Using flexible products to cope with demand uncertainty in revenue management},
	Volume = {34},
	Year = {2012},
	Bdsk-File-1 = {YnBsaXN0MDDUAQIDBAUGJCVYJHZlcnNpb25YJG9iamVjdHNZJGFyY2hpdmVyVCR0b3ASAAGGoKgHCBMUFRYaIVUkbnVsbNMJCgsMDxJXTlMua2V5c1pOUy5vYmplY3RzViRjbGFzc6INDoACgAOiEBGABIAFgAdccmVsYXRpdmVQYXRoWWFsaWFzRGF0YV8QOi4uLy5UcmFzaC9hcnQlM0ExMC4xMDA3JTJGczAwMjkxLTAwOS0wMTg4LTEtMiAxMC4zMS4xMi5wZGbSFwsYGVdOUy5kYXRhTxEB7AAAAAAB7AACAAAKRmVzdHBsYXR0ZQAAAAAAAAAAAAAAAAAAAAAA0WWvZkgrAAAAIOiTH2FydCUzQTEwLjEwMDclMkZzMDAyIzU3MzAwNi5wZGYAAAAAAAAAAAAAAAAAAAAAAAAAAAAAAAAAAAAAAAAAAABXMAbR7lVCAAAAAAAAAAAAAQACAAAJIAAAAAAAAAAAAAAAAAAAAAYuVHJhc2gAEAAIAADRZZNGAAAAEQAIAADR7jkiAAAAAQAMACDokwARFxwAERb+AAIAREZlc3RwbGF0dGU6VXNlcnM6AFN1cGVydXNlcjoALlRyYXNoOgBhcnQlM0ExMC4xMDA3JTJGczAwMiM1NzMwMDYucGRmAA4AYgAwAGEAcgB0ACUAMwBBADEAMAAuADEAMAAwADcAJQAyAEYAcwAwADAAMgA5ADEALQAwADAAOQAtADAAMQA4ADgALQAxAC0AMgAgADEAMAAuADMAMQAuADEAMgAuAHAAZABmAA8AFgAKAEYAZQBzAHQAcABsAGEAdAB0AGUAEgBHVXNlcnMvU3VwZXJ1c2VyLy5UcmFzaC9hcnQlM0ExMC4xMDA3JTJGczAwMjkxLTAwOS0wMTg4LTEtMiAxMC4zMS4xMi5wZGYAABMAAS8AABUAAgAQ//8AAIAG0hscHR5aJGNsYXNzbmFtZVgkY2xhc3Nlc11OU011dGFibGVEYXRhox0fIFZOU0RhdGFYTlNPYmplY3TSGxwiI1xOU0RpY3Rpb25hcnmiIiBfEA9OU0tleWVkQXJjaGl2ZXLRJidUcm9vdIABAAgAEQAaACMALQAyADcAQABGAE0AVQBgAGcAagBsAG4AcQBzAHUAdwCEAI4AywDQANgCyALKAs8C2gLjAvEC9QL8AwUDCgMXAxoDLAMvAzQAAAAAAAACAQAAAAAAAAAoAAAAAAAAAAAAAAAAAAADNg==}}

@article{petrick2008revenue,
	Author = {Petrick, Anita and G{\"o}nsch, Jochen and Steinhardt, Claudius},
	Date-Added = {2015-04-30 13:08:38 +0000},
	Date-Modified = {2015-05-02 10:24:40 +0000},
	Journal = {Wirtschaftswissenschaftliches Studium (WiSt)},
	Keywords = {Revenue management; flexible Products; DLP; DP},
	Month = {Januar},
	Number = {1},
	Pages = {S. 14 - 20},
	Title = {Revenue Management mit flexiblen Produkten},
	Year = {2008}}

@book{Petrick:2009aa,
	Address = {Saarbr{\"u}cken},
	Author = {Petrick, Anita},
	Date-Added = {2015-04-30 13:08:38 +0000},
	Date-Modified = {2015-05-02 10:37:55 +0000},
	Isbn = {978-3-8381-0665-6},
	Keywords = {Basics; flexible Products; Opaque Product, Deutsch; Revenue management; DP; DLP},
	Publisher = {S{\"u}dwestdeutscher Verl. f{\"u}r Hochschulschriften},
	Read = {1},
	Title = {Multimodale Produkte im Revenue Management : Potenziale und Ans{\"a}tze zur Realisierung einer Kapazit{\"a}tssteuerung},
	Year = {2009}}

@article{petrick2010dynamic,
	Author = {Petrick, Anita and G{\"o}nsch, Jochen and Steinhardt, Claudius and Klein, Robert},
	Date-Added = {2015-04-30 13:08:38 +0000},
	Date-Modified = {2015-05-02 10:19:16 +0000},
	Journal = {Computers and Operations Research},
	Keywords = {capacity control; Revenue management; flexible Products;},
	Number = {11},
	Pages = {2027--2039},
	Publisher = {Elsevier},
	Title = {Dynamic control mechanisms for revenue management with flexible products},
	Volume = {37},
	Year = {2010}}

@book{puterman2009markov,
	Author = {Puterman, Martin L},
	Date-Added = {2015-04-30 13:08:38 +0000},
	Date-Modified = {2015-05-02 10:25:54 +0000},
	Keywords = {Markov decision process;},
	Publisher = {John Wiley and Sons},
	Title = {Markov decision processes: discrete stochastic dynamic programming},
	Volume = {414},
	Year = {2009}}

@article{ing2005revenue,
	Abstract = {Die Herstellung von kundenindividuellen Produkten f{\"u}hrt zu einem heterogen zusammengesetzten Produktionsprogramm, das in eine unregelm{\"a}{\ss}ige Kapaziti{\"a}tsauslastung m{\"u}ndet. Mit der Entscheidung {\"u}ber die Annahme von Kundenauftr{\"a}gen wird diese Kapaztt{\"a}tsauslastung determiniert, wodurch dieser Prozess einer fundierten Entschetdungsunterst{\"u}tzung bedarf. In der Dienstleistungsproduktion werden Revenue Management Konzepte bei der Auftragsannahme erfolgreich in der Praxis eingesetzt. Dieser Beitrag legt die grundlegenden Konzepte dar und untersucht die Anwendbarkeit dieser bei kundenindividueller Produktton am Beispiel der Eisen und Stahl erzeugenden Industrie.},
	Author = {Spengler, Thomas and Rehkopf, Stefan},
	Date-Added = {2015-04-30 13:08:38 +0000},
	Date-Modified = {2015-05-02 10:37:53 +0000},
	Journal = {Zeitschrift f{\"u}r Planung und Unternehmenssteuerung},
	Keywords = {Deutsch; Revenue management; Make-to-order; order acceptance problem},
	Number = {2},
	Pages = {123--146},
	Publisher = {Springer},
	Read = {1},
	Title = {Revenue Management Konzepte zur Entscheidungsunterst{\"u}tzung bei der Annahme von Kundenauftr{\"a}gen},
	Volume = {16},
	Year = {2005},
	Bdsk-File-1 = {YnBsaXN0MDDUAQIDBAUGJCVYJHZlcnNpb25YJG9iamVjdHNZJGFyY2hpdmVyVCR0b3ASAAGGoKgHCBMUFRYaIVUkbnVsbNMJCgsMDxJXTlMua2V5c1pOUy5vYmplY3RzViRjbGFzc6INDoACgAOiEBGABIAFgAdccmVsYXRpdmVQYXRoWWFsaWFzRGF0YV8Qdy4uL0xpYnJhcnkvTW9iaWxlIERvY3VtZW50cy9jb21+YXBwbGV+Q2xvdWREb2NzL0xpdGVyYXR1ciBNYXN0ZXJhcmJlaXQvQXVmdHJhZ3NmZXJ0aWd1bmcvYXJ0JTNBMTAuMTAwNyUyRkJGMDI4NDg1NzUucGRm0hcLGBlXTlMuZGF0YU8RAnIAAAAAAnIAAgAACkZlc3RwbGF0dGUAAAAAAAAAAAAAAAAAAAAAANFlr2ZIKwAAABXs5B5hcnQlM0ExMC4xMDA3JTJGQkYwMjg0ODU3NS5wZGYAAAAAAAAAAAAAAAAAAAAAAAAAAAAAAAAAAAAAAAAAAAAAFezz0WRhpAAAAAAAAAAAAAEABgAACSAAAAAAAAAAAAAAAAAAAAARQXVmdHJhZ3NmZXJ0aWd1bmcAABAACAAA0WWTRgAAABEACAAA0WRFhAAAAAEAHAAV7OQAFeziABXs3gAV6m0AFQYZABEXHAARFv4AAgCWRmVzdHBsYXR0ZTpVc2VyczoAU3VwZXJ1c2VyOgBMaWJyYXJ5OgBNb2JpbGUgRG9jdW1lbnRzOgBjb21+YXBwbGV+Q2xvdWREb2NzOgBMaXRlcmF0dXIgTWFzdGVyYXJiZWl0OgBBdWZ0cmFnc2ZlcnRpZ3VuZzoAYXJ0JTNBMTAuMTAwNyUyRkJGMDI4NDg1NzUucGRmAA4APgAeAGEAcgB0ACUAMwBBADEAMAAuADEAMAAwADcAJQAyAEYAQgBGADAAMgA4ADQAOAA1ADcANQAuAHAAZABmAA8AFgAKAEYAZQBzAHQAcABsAGEAdAB0AGUAEgCEVXNlcnMvU3VwZXJ1c2VyL0xpYnJhcnkvTW9iaWxlIERvY3VtZW50cy9jb21+YXBwbGV+Q2xvdWREb2NzL0xpdGVyYXR1ciBNYXN0ZXJhcmJlaXQvQXVmdHJhZ3NmZXJ0aWd1bmcvYXJ0JTNBMTAuMTAwNyUyRkJGMDI4NDg1NzUucGRmABMAAS8AABUAAgAQ//8AAIAG0hscHR5aJGNsYXNzbmFtZVgkY2xhc3Nlc11OU011dGFibGVEYXRhox0fIFZOU0RhdGFYTlNPYmplY3TSGxwiI1xOU0RpY3Rpb25hcnmiIiBfEA9OU0tleWVkQXJjaGl2ZXLRJidUcm9vdIABAAgAEQAaACMALQAyADcAQABGAE0AVQBgAGcAagBsAG4AcQBzAHUAdwCEAI4BCAENARUDiwONA5IDnQOmA7QDuAO/A8gDzQPaA90D7wPyA/cAAAAAAAACAQAAAAAAAAAoAAAAAAAAAAAAAAAAAAAD+Q==}}

@book{stuhlmann2000kapazitatsgestaltung,
	Author = {Stuhlmann, Stephan},
	Date-Added = {2015-04-30 13:08:38 +0000},
	Date-Modified = {2015-04-30 13:08:38 +0000},
	Keywords = {sonstiges},
	Publisher = {Deutscher Universit{\"a}ts-Verlag},
	Title = {Kapazit{\"a}tsgestaltung in Dienstleistungsunternehmungen: eine Analyse aus der Sicht des externen Faktors},
	Year = {2000}}

@article{talluri2004revenue,
	Author = {Talluri, Kalyan and van Ryzin, Garrett J},
	Date-Added = {2015-04-30 13:08:38 +0000},
	Date-Modified = {2015-05-02 10:26:25 +0000},
	Journal = {Management Science},
	Keywords = {Revenue management},
	Number = {1},
	Pages = {15--33},
	Publisher = {INFORMS},
	Title = {Revenue management under a general discrete choice model of consumer behavior},
	Volume = {50},
	Year = {2004}}

@book{talluri2004theory,
	Author = {Talluri, Kalyan T and van Ryzin, Garrett J},
	Date-Added = {2015-04-30 13:08:38 +0000},
	Date-Modified = {2015-05-02 10:26:49 +0000},
	Keywords = {Revenue management; Basics; DLP; DP; capacity control; order acceptance problem},
	Publisher = {Springer},
	Title = {The Theory and Practice of Revenue Management. International Series in Operations Research and Management Science, vol. 68},
	Year = {2004b}}

@article{talluri2001airline,
	Author = {Talluri, Kalyan T},
	Date-Added = {2015-04-30 13:08:38 +0000},
	Date-Modified = {2015-05-02 10:24:54 +0000},
	Journal = {International Journal of Services Technology and Management},
	Keywords = {DLP; Bid-price policy},
	Number = {1},
	Pages = {102--115},
	Publisher = {Inderscience},
	Title = {Airline revenue management with passenger routing control: A new model with solution approaches},
	Volume = {2},
	Year = {2001}}

@article{tscheulin2003yield,
	Author = {Tscheulin, Dieter K and Lindenmeier, J{\"o}rg},
	Date-Added = {2015-04-30 13:08:38 +0000},
	Date-Modified = {2015-04-30 13:08:38 +0000},
	Journal = {Zeitschrift fur Betriebswirtschaft},
	Keywords = {sonstiges},
	Number = {6},
	Pages = {629--662},
	Title = {Yield-Management-Ein State-of-the-Art},
	Volume = {73},
	Year = {2003}}

@incollection{weatherford1998tutorial,
	Author = {Weatherford, Lawrence R},
	Booktitle = {Operations Research in the airline industry},
	Date-Added = {2015-04-30 13:08:38 +0000},
	Date-Modified = {2015-04-30 13:08:38 +0000},
	Keywords = {sonstiges},
	Pages = {68--100},
	Publisher = {Springer},
	Title = {A tutorial on optimization in the context of perishable-asset revenue management problems for the airline industry},
	Year = {1998}}

@article{weatherford1992taxonomy,
	Author = {Weatherford, Lawrence R and Bodily, Samuel E},
	Date-Added = {2015-04-30 13:08:38 +0000},
	Date-Modified = {2015-05-02 10:27:03 +0000},
	Journal = {Operations Research},
	Keywords = {Revenue management},
	Number = {5},
	Pages = {831--844},
	Publisher = {INFORMS},
	Title = {A taxonomy and research overview of perishable-asset revenue management: yield management, overbooking, and pricing},
	Volume = {40},
	Year = {1992}}

@article{weatherford2002revenue,
	Author = {Weatherford, LR and Belobaba, PP},
	Date-Added = {2015-04-30 13:08:38 +0000},
	Date-Modified = {2015-04-30 13:08:38 +0000},
	Journal = {Journal of the Operational Research Society},
	Keywords = {sonstiges},
	Pages = {811--821},
	Publisher = {JSTOR},
	Title = {Revenue impacts of fare input and demand forecast accuracy in airline yield management},
	Year = {2002}}

@article{zehle1991yield,
	Author = {Zehle, Klaus Olaf},
	Date-Added = {2015-04-30 13:08:38 +0000},
	Date-Modified = {2015-04-30 13:08:38 +0000},
	Journal = {Tourismusmanagement und-marketing. Landsberg/Lech: Moderne Industrie, S},
	Keywords = {sonstiges},
	Pages = {483--504},
	Title = {Yield-Management--Eine Methode zur Umsatzsteigerung f{\"u}r Unternehmen der Tourismusindustrie},
	Year = {1991}}

@article{doi:10.1287/trsc.1090.0262,
	Author = {Zhang, Dan and Adelman, Daniel},
	Date-Added = {2015-04-30 13:08:38 +0000},
	Date-Modified = {2015-05-02 10:18:18 +0000},
	Eprint = {http://dx.doi.org/10.1287/trsc.1090.0262},
	Journal = {Transportation Science},
	Keywords = {DP; Network; Revenue management},
	Number = {3},
	Pages = {381-394},
	Title = {An Approximate Dynamic Programming Approach to Network Revenue Management with Customer Choice},
	Volume = {43},
	Year = {2009},
	Bdsk-File-1 = {YnBsaXN0MDDUAQIDBAUGJCVYJHZlcnNpb25YJG9iamVjdHNZJGFyY2hpdmVyVCR0b3ASAAGGoKgHCBMUFRYaIVUkbnVsbNMJCgsMDxJXTlMua2V5c1pOUy5vYmplY3RzViRjbGFzc6INDoACgAOiEBGABIAFgAdccmVsYXRpdmVQYXRoWWFsaWFzRGF0YV8QvC4uL0RvY3VtZW50cy9TdHVkaXVtL1NlbWluYXIgT3BlcmF0aW9ucyBNYW5hZ21lbnQvMSBSZWNoZXJjaGUvMiBEeW5hbWlzY2hlIFByb2dyYW1taWVydW5nL0FuIEFwcHJveGltYXRlIER5bmFtaWMgUHJvZ3JhbW1pbmcgQXBwcm9hY2ggdG8gTmV0d29yayBSZXZlbnVlIE1hbmFnZW1lbnQgd2l0aCBDdXN0b21lciBDaG9pY2UucGRm0hcLGBlXTlMuZGF0YU8RA0wAAAAAA0wAAgAACkZlc3RwbGF0dGUAAAAAAAAAAAAAAAAAAAAAANFlr2ZIKwAAABTwNB9BbiBBcHByb3hpbWF0ZSBEeW5hbSMxNEYwM0EucGRmAAAAAAAAAAAAAAAAAAAAAAAAAAAAAAAAAAAAAAAAAAAAFPA60IzsAgAAAAAAAAAAAAEABgAACSAAAAAAAAAAAAAAAAAAAAAbMiBEeW5hbWlzY2hlIFByb2dyYW1taWVydW5nAAAQAAgAANFlk0YAAAARAAgAANCM3fIAAAABABwAFPA0ABTwLwAU8CUAFOIQABTgcQARFxwAERb+AAIAmEZlc3RwbGF0dGU6VXNlcnM6AFN1cGVydXNlcjoARG9jdW1lbnRzOgBTdHVkaXVtOgBTZW1pbmFyIE9wZXJhdGlvbnMgTWFuYWdtZW50OgAxIFJlY2hlcmNoZToAMiBEeW5hbWlzY2hlIFByb2dyYW1taWVydW5nOgBBbiBBcHByb3hpbWF0ZSBEeW5hbSMxNEYwM0EucGRmAA4AxgBiAEEAbgAgAEEAcABwAHIAbwB4AGkAbQBhAHQAZQAgAEQAeQBuAGEAbQBpAGMAIABQAHIAbwBnAHIAYQBtAG0AaQBuAGcAIABBAHAAcAByAG8AYQBjAGgAIAB0AG8AIABOAGUAdAB3AG8AcgBrACAAUgBlAHYAZQBuAHUAZQAgAE0AYQBuAGEAZwBlAG0AZQBuAHQAIAB3AGkAdABoACAAQwB1AHMAdABvAG0AZQByACAAQwBoAG8AaQBjAGUALgBwAGQAZgAPABYACgBGAGUAcwB0AHAAbABhAHQAdABlABIAyVVzZXJzL1N1cGVydXNlci9Eb2N1bWVudHMvU3R1ZGl1bS9TZW1pbmFyIE9wZXJhdGlvbnMgTWFuYWdtZW50LzEgUmVjaGVyY2hlLzIgRHluYW1pc2NoZSBQcm9ncmFtbWllcnVuZy9BbiBBcHByb3hpbWF0ZSBEeW5hbWljIFByb2dyYW1taW5nIEFwcHJvYWNoIHRvIE5ldHdvcmsgUmV2ZW51ZSBNYW5hZ2VtZW50IHdpdGggQ3VzdG9tZXIgQ2hvaWNlLnBkZgAAEwABLwAAFQACABD//wAAgAbSGxwdHlokY2xhc3NuYW1lWCRjbGFzc2VzXU5TTXV0YWJsZURhdGGjHR8gVk5TRGF0YVhOU09iamVjdNIbHCIjXE5TRGljdGlvbmFyeaIiIF8QD05TS2V5ZWRBcmNoaXZlctEmJ1Ryb290gAEACAARABoAIwAtADIANwBAAEYATQBVAGAAZwBqAGwAbgBxAHMAdQB3AIQAjgFNAVIBWgSqBKwEsQS8BMUE0wTXBN4E5wTsBPkE/AUOBREFFgAAAAAAAAIBAAAAAAAAACgAAAAAAAAAAAAAAAAAAAUY}}

@comment{BibDesk Static Groups{
<?xml version="1.0" encoding="UTF-8"?>
<!DOCTYPE plist PUBLIC "-//Apple//DTD PLIST 1.0//EN" "http://www.apple.com/DTDs/PropertyList-1.0.dtd">
<plist version="1.0">
<array>
	<dict>
		<key>group name</key>
		<string>Literatur von Defregger/Kuhn</string>
		<key>keys</key>
		<string>doi:10.1137/0120036,caldentey2001analyzing,Defregger:2004aa,DECI:DECI185,kniker2001applications,doi:10.1287/opre.23.4.687,1969,Balakrishnan1999328,Missbauer:2003aa,doi:10.1080/00207548508904688,doi:10.1287/opre.48.5.709.12401,doi:10.1080/00207548208947761,keilson1970simple,doi:10.1080/002075497195173</string>
	</dict>
</array>
</plist>
}}

@comment{BibDesk Smart Groups{
<?xml version="1.0" encoding="UTF-8"?>
<!DOCTYPE plist PUBLIC "-//Apple//DTD PLIST 1.0//EN" "http://www.apple.com/DTDs/PropertyList-1.0.dtd">
<plist version="1.0">
<array>
	<dict>
		<key>conditions</key>
		<array>
			<dict>
				<key>comparison</key>
				<integer>4</integer>
				<key>key</key>
				<string>Read</string>
				<key>value</key>
				<string>1</string>
				<key>version</key>
				<string>1</string>
			</dict>
		</array>
		<key>conjunction</key>
		<integer>0</integer>
		<key>group name</key>
		<string>Gelesen</string>
	</dict>
	<dict>
		<key>conditions</key>
		<array>
			<dict>
				<key>comparison</key>
				<integer>0</integer>
				<key>key</key>
				<string>Date-Added</string>
				<key>value</key>
				<string></string>
				<key>version</key>
				<string>1</string>
			</dict>
		</array>
		<key>conjunction</key>
		<integer>0</integer>
		<key>group name</key>
		<string>Heutige Importe</string>
	</dict>
</array>
</plist>
}}
